%% Created using Papers on Mon, 01 Jul 2019.
%% http://papersapp.com/papers/

@article{Bayer:2012kb,
author = {Bayer, C and Vaupel, P},
title = {{Acute versus chronic hypoxia in tumors: Controversial data concerning time frames and biological consequences.}},
journal = {Strahlentherapie und Onkologie : Organ der Deutschen Rontgengesellschaft ... [et al]},
year = {2012},
volume = {188},
number = {7},
pages = {616--627},
month = jul
}

@article{Jin:2016hg,
author = {Jin, Tao and Mehrens, Hunter and Wang, Ping and Kim, Seong-Gi},
title = {{Glucose metabolism-weighted imaging with chemical exchange-sensitive MRI of 2-deoxyglucose (2DG) in brain: Sensitivity and biological sources}},
journal = {NeuroImage},
year = {2016},
volume = {143},
pages = {82--90},
month = dec
}

@article{Kelly:2011cf,
author = {Kelly, R J and Rajan, A and Force, J and Lopez-Chavez, A and Keen, C and Cao, L and Yu, Y and Choyke, P and Turkbey, B and Raffeld, M and Xi, L and Steinberg, S M and Wright, J J and Kummar, S and Gutierrez, M and Giaccone, G},
title = {{Evaluation of KRAS Mutations, Angiogenic Biomarkers, and DCE-MRI in Patients with Advanced Non-Small-Cell Lung Cancer Receiving Sorafenib}},
journal = {Clinical Cancer Research},
year = {2011},
volume = {17},
number = {5},
pages = {1190--1199},
month = mar
}

@article{Tietze:2014ip,
author = {Tietze, Anna and Blicher, Jakob and Mikkelsen, Irene Klaerke and {\O}stergaard, Leif and Strother, Megan K and Smith, Seth A and Donahue, Manus J},
title = {{Assessment of ischemic penumbra in patients with hyperacute stroke using amide proton transfer (APT) chemical exchange saturation transfer (CEST) MRI.}},
journal = {NMR in Biomedicine},
year = {2014},
volume = {27},
number = {2},
pages = {163--174},
month = feb
}

@article{Hakumaki:2005ex,
author = {Hakum{\"a}ki, Juhana M and Liimatainen, Timo},
title = {{Molecular imaging of apoptosis in cancer}},
journal = {European Journal of Radiology},
year = {2005},
volume = {56},
number = {2},
pages = {143--153},
month = nov
}

@article{Boult:2017dg,
author = {Boult, Jessica K R and Box, Gary and Vinci, Maria and Perryman, Lara and Eccles, Suzanne A and Jones, Chris and Robinson, Simon P},
title = {{Evaluation of the Response of Intracranial Xenografts to VEGF Signaling Inhibition Using Multiparametric MRI}},
journal = {Neoplasia},
year = {2017},
volume = {19},
number = {9},
pages = {684--694},
month = sep
}

@article{Lee:2017if,
author = {Lee, Dong-Hoon and Heo, Hye-Young and Zhang, Kai and Zhang, Yi and Jiang, Shanshan and Zhao, Xuna and Zhou, Jinyuan},
title = {{Quantitative assessment of the effects of water proton concentration and water T1 changes on amide proton transfer (APT) and nuclear overhauser enhancement (NOE) MRI: The origin of the APT imaging signal in brain tumor.}},
journal = {Magnetic Resonance in Medicine},
year = {2017},
volume = {77},
number = {2},
pages = {855--863},
month = feb
}

@article{Little:2018iu,
author = {Little, Ross A and Jamin, Yann and Boult, Jessica K R and Naish, Josephine H and Watson, Yvonne and Cheung, Susan and Holliday, Katherine F and Lu, Huiqi and McHugh, Damien J and Irlam, Joely and West, Catharine M L and Betts, Guy N and Ashton, Garry and Reynolds, Andrew R and Maddineni, Satish and Clarke, Noel W and Parker, Geoff J M and Waterton, John C and Robinson, Simon P and O'Connor, James P B},
title = {{Mapping Hypoxia in Renal Carcinoma with Oxygen-enhanced MRI: Comparison with Intrinsic Susceptibility MRI and Pathology.}},
journal = {Radiology},
year = {2018},
volume = {288},
number = {3},
pages = {739--747},
month = sep
}

@article{Mendichovszky:2011hi,
author = {Mendichovszky, I and Jackson, A},
title = {{Imaging hypoxia in gliomas}},
journal = {The British Journal of Radiology},
year = {2011},
volume = {84},
number = {special_issue_2},
pages = {S145--S158},
month = dec
}

@article{Shenoi:2013id,
author = {Shenoi, Rajesh A and Lai, Benjamin F L and Imran ul-haq, Muhammad and Brooks, Donald E and Kizhakkedathu, Jayachandran N},
title = {{Biodegradable polyglycerols with randomly distributed ketal groups as multi-functional drug delivery systems}},
journal = {Biomaterials},
year = {2013},
volume = {34},
number = {25},
pages = {6068--6081},
month = aug
}

@article{Zhao:2015ez,
author = {Zhao, Dawen and Pacheco-Torres, Jes{\'u}s and Hallac, Rami R and White, Derek and Peschke, Peter and Cerd{\'a}n, Sebastian and Mason, Ralph P},
title = {{Dynamic oxygen challenge evaluated by NMR T$_{1}$ and T$_{2}^{*}$ - insights into tumor oxygenation}},
journal = {NMR in Biomedicine},
year = {2015},
volume = {28},
number = {8},
pages = {937--947},
month = jun
}

@article{Wang:2015bb,
author = {Wang, Huaijun and Hristov, Dimitre and Qin, Jiale and Tian, Lu and Willmann, J{\"u}rgen K},
title = {{Three-dimensional Dynamic Contrast-enhanced US Imaging for Early Antiangiogenic Treatment Assessment in a Mouse Colon Cancer Model.}},
journal = {Radiology},
year = {2015},
volume = {277},
number = {2},
pages = {424--434},
month = nov
}

@article{Huxham:2004hm,
author = {Huxham, Lynsey A and Kyle, Alastair H and Baker, Jennifer H E and Nykilchuk, Lani K and Minchinton, Andrew I},
title = {{Microregional effects of gemcitabine in HCT-116 xenografts.}},
journal = {Cancer Research},
year = {2004},
volume = {64},
number = {18},
pages = {6537--6541},
month = sep
}

@article{Nounou:2016kl,
author = {Nounou, Mohamed Ismail and Adkins, Chris E and Rubinchik, Evelina and Terrell-Hall, Tori B and Afroz, Mohamed and Vitalis, Tim and Gabathuler, Reinhard and Tian, Mei Mei and Lockman, Paul R},
title = {{Anti-cancer Antibody Trastuzumab-Melanotransferrin Conjugate (BT2111) for the Treatment of Metastatic HER2+ Breast Cancer Tumors in the Brain: an In-Vivo Study}},
journal = {Pharmaceutical Research},
year = {2016},
volume = {33},
number = {12},
pages = {2930--2942},
month = aug
}

@article{Stemmler:2006,
author = {Stemmler, H J and Kahlert, S and Siekiera, W and Untch, M and Heinrich, B and Heinemann, V},
title = {{Characteristics of patients with brain metastases receiving trastuzumab for HER2 overexpressing metastatic breast cancer.}},
journal = {Breast (Edinburgh, Scotland)},
year = {2006},
volume = {15},
number = {2},
pages = {219--225},
month = apr
}

@article{Kyle:1999kr,
author = {Kyle, A H and Minchinton, A I},
title = {{Measurement of delivery and metabolism of tirapazamine to tumour tissue using the multilayered cell culture model.}},
journal = {Cancer chemotherapy and pharmacology},
year = {1999},
volume = {43},
number = {3},
pages = {213--220}
}

@article{Matsumoto:2006fw,
author = {Matsumoto, Ken-ichiro and Bernardo, Marcelino and Subramanian, Sankaran and Choyke, Peter and Mitchell, James B and Krishna, Murali C and Lizak, Martin J},
title = {{MR assessment of changes of tumor in response to hyperbaric oxygen treatment}},
journal = {Magnetic Resonance in Medicine},
year = {2006},
volume = {56},
number = {2},
pages = {240--246}
}

@article{Harris:2002ch,
author = {Harris, Adrian L},
title = {{HYPOXIA {\textemdash} A KEY REGULATORY FACTOR IN TUMOUR GROWTH}},
journal = {Nature Reviews Cancer},
year = {2002},
volume = {2},
number = {1},
pages = {38--47},
month = jan
}

@article{McGrath:2008kx,
author = {McGrath, Deirdre M and Naish, Josephine H and O'Connor, James P B and Hutchinson, Charles E and Waterton, John C and Taylor, Chris J and Parker, Geoffrey J M},
title = {{Oxygen-induced changes in longitudinal relaxation times in skeletal muscle}},
journal = {Magnetic Resonance Imaging},
year = {2008},
volume = {26},
number = {2},
pages = {221--227},
month = feb
}

@article{Baranyai:2005ta,
author = {Baranyai, Z and Br{\"u}cher, E and Iv{\'a}nyi, T and chimica, R Kir{\'a}ly Helvetica and {2005}},
title = {{Complexation Properties of N, N', N'', N'''-[1, 4, 7, 10-Tetraazacyclododecane-1, 4, 7, 10-tetrayltetrakis (1-oxoethane-2, 1-diyl)] tetrakis [glycine](H4dotagl)~{\ldots}}},
journal = {Wiley Online Library
},
year = {2005}
}

@article{Horsman:2012kw,
author = {Horsman, Michael R and Mortensen, Lise Saks{\o} and Petersen, J{\o}rgen B and Busk, Morten and Overgaard, Jens},
title = {{Imaging hypoxia to improve radiotherapy outcome}},
journal = {Nature Reviews Clinical Oncology},
year = {2012},
volume = {9},
number = {12},
pages = {674--687},
month = nov
}

@article{Saatchi:2012gc,
author = {Saatchi, Katayoun and Gelder, Nikolaus and Gershkovich, Pavel and Sivak, Olena and Wasan, Kishor M and Kainthan, Rajesh K and Brooks, Donald E and H{\"a}feli, Urs O},
title = {{Long-circulating non-toxic blood pool imaging agent based on hyperbranched polyglycerols}},
journal = {International Journal of Pharmaceutics},
year = {2012},
volume = {422},
number = {1-2},
pages = {418--427},
month = jan
}

@article{Burrell:2013je,
author = {Burrell, Jake S and Walker-Samuel, Simon and Baker, Lauren C J and Boult, Jessica K R and Jamin, Yann and Halliday, Jane and Waterton, John C and Robinson, Simon P},
title = {{Exploring $\Delta$R$_{2*}$ and $\Delta$R$_{1}$ as imaging biomarkers of tumor oxygenation}},
journal = {Journal of Magnetic Resonance Imaging},
year = {2013},
volume = {38},
number = {2},
pages = {429--434},
month = jan
}

@article{Ni:2006hs,
author = {Ni, Yicheng and Huyghe, Dieter and Verbeke, Kristin and de Witte, Peter A and Nuyts, Johan and Mortelmans, Luc and Chen, Feng and Marchal, Guy and Verbruggen, Alfons M and Bormans, Guy M},
title = {{First preclinical evaluation of mono-[123I]iodohypericin as a necrosis-avid tracer agent}},
journal = {European Journal of Nuclear Medicine and Molecular Imaging},
year = {2006},
volume = {33},
number = {5},
pages = {595--601},
month = feb
}

@article{Gianni:2013hz,
author = {Gianni, Luca and Romieu, Gilles H and Lichinitser, Michail and Serrano, Sergio V and Mansutti, Mauro and Pivot, Xavier and Mariani, Paola and Andre, Fabrice and Chan, Arlene and Lipatov, Oleg and Chan, Stephen and Wardley, Andrew and Greil, Richard and Moore, Nicola and Prot, Sylvie and Pallaud, Celine and Semiglazov, Vladimir},
title = {{AVEREL: A Randomized Phase III Trial Evaluating Bevacizumab in Combination With Docetaxel and Trastuzumab As First-Line Therapy for HER2-Positive Locally Recurrent/Metastatic Breast Cancer}},
journal = {Journal of Clinical Oncology},
year = {2013},
volume = {31},
number = {14},
pages = {1719--1725},
month = may
}

@article{Sun:2005fz,
author = {Sun, Phillip Zhe and van Zijl, Peter C M and Zhou, Jinyuan},
title = {{Optimization of the irradiation power in chemical exchange dependent saturation transfer experiments}},
journal = {Journal of Magnetic Resonance},
year = {2005},
volume = {175},
number = {2},
pages = {193--200},
month = aug
}

@article{Jin:2012gq,
author = {Jin, Tao and Kim, Seong-Gi},
title = {{Quantitative chemical exchange sensitive MRI using irradiation with toggling inversion preparation}},
journal = {Magnetic Resonance in Medicine},
year = {2012},
volume = {68},
number = {4},
pages = {1056--1064},
month = aug
}

@article{OConnor:2009bp,
author = {O'Connor, James P B and Naish, Josephine H and Parker, Geoff J M and Waterton, John C and Watson, Yvonne and Jayson, Gordon C and Buonaccorsi, Giovanni A and Cheung, Sue and Buckley, David L and McGrath, Deirdre M and West, Catharine M L and Davidson, Susan E and Roberts, Caleb and Mills, Samantha J and Mitchell, Claire L and Hope, Lynn and Ton, N Chan and Jackson, Alan},
title = {{Preliminary Study of Oxygen-Enhanced Longitudinal Relaxation in MRI: A Potential Novel Biomarker of Oxygenation Changes in Solid Tumors}},
journal = {International Journal of Radiation Oncology*Biology*Physics},
year = {2009},
volume = {75},
number = {4},
pages = {1209--1215},
month = nov
}

@article{Adkins:2016il,
author = {Adkins, Chris E and Mohammad, Afroz S and Terrell-Hall, Tori B and Dolan, Emma L and Shah, Neal and Sechrest, Emily and Griffith, Jessica and Lockman, Paul R},
title = {{Characterization of passive permeability at the blood{\textendash}tumor barrier in five preclinical models of brain metastases of breast cancer}},
journal = {Clinical {\&} Experimental Metastasis},
year = {2016},
volume = {33},
number = {4},
pages = {373--383},
month = mar
}

@article{Brown:2004fh,
author = {Brown, J Martin and Wilson, William R},
title = {{Exploiting tumour hypoxia in cancer treatment}},
journal = {Nature Reviews Cancer},
year = {2004},
volume = {4},
number = {6},
pages = {437--447},
month = jun
}

@article{Iyer:2006gf,
author = {Iyer, Arun K and Khaled, Greish and Fang, Jun and Maeda, Hiroshi},
title = {{Exploiting the enhanced permeability and retention effect for tumor targeting.}},
journal = {Drug discovery today},
year = {2006},
volume = {11},
number = {17-18},
pages = {812--818},
month = sep
}

@article{GomezCambronero:2001hu,
author = {G{\'o}mez-Cambronero, Julian},
title = {{The Oxygen Dissociation Curve of Hemoglobin: Bridging the Gap between Biochemistry and Physiology}},
journal = {Journal of Chemical Education},
year = {2001},
volume = {78},
number = {6},
pages = {757},
month = jun
}

@article{Maeda:2013hq,
author = {Maeda, Hiroshi and Nakamura, Hideaki and Fang, Jun},
title = {{The EPR effect for macromolecular drug delivery to solid tumors: Improvement of tumor uptake, lowering of systemic toxicity, and distinct tumor imaging in vivo}},
journal = {Advanced Drug Delivery Reviews},
year = {2013},
volume = {65},
number = {1},
pages = {71--79},
month = jan
}

@article{Zhou:2003cc,
author = {Zhou, Jinyuan and Payen, Jean-Francois and Wilson, David A and Traystman, Richard J and van Zijl, Peter C M},
title = {{Using the amide proton signals of intracellular proteins and peptides to detect pH effects in MRI.}},
journal = {Nature Medicine},
year = {2003},
volume = {9},
number = {8},
pages = {1085--1090},
month = aug
}

@article{Zhang:2018jp,
author = {Zhang, Xiao-Yong and Wang, Feng and Xu, Junzhong and Gochberg, Daniel F and Gore, John C and Zu, Zhongliang},
title = {{Increased CEST specificity for amide and fast-exchanging amine protons using exchange-dependent relaxation rate.}},
journal = {NMR in Biomedicine},
year = {2018},
volume = {31},
number = {2},
month = feb
}

@article{Windschuh:2015gr,
author = {Windschuh, Johannes and Zaiss, Moritz and Meissner, Jan-Eric and Paech, Daniel and Radbruch, Alexander and Ladd, Mark E and Bachert, Peter},
title = {{Correction of B1-inhomogeneities for relaxation-compensated CEST imaging at 7 T.}},
journal = {NMR in Biomedicine},
year = {2015},
volume = {28},
number = {5},
pages = {529--537},
month = may
}

@article{Howe:2001io,
author = {Howe, F A and Robinson, S P and McIntyre, D J O and Stubbs, M and Griffiths, J R},
title = {{Issues in flow and oxygenation dependent contrast (FLOOD) imaging of tumours}},
journal = {NMR in Biomedicine},
year = {2001},
volume = {14},
number = {7-8},
pages = {497--506}
}

@article{Rivlin:2013bl,
author = {Rivlin, Michal and Horev, Judith and Tsarfaty, Ilan and Navon, Gil},
title = {{Molecular imaging of tumors and metastases using chemical exchange saturation transfer (CEST) MRI}},
journal = {Scientific Reports},
year = {2013},
volume = {3},
number = {1},
pages = {309},
month = oct
}

@article{Raleigh:1999ws,
author = {Raleigh, J A and Chou, S C and Arteel, G E and Horsman, M R},
title = {{Comparisons among pimonidazole binding, oxygen electrode measurements, and radiation response in C3H mouse tumors.}},
journal = {Radiation Research},
year = {1999},
volume = {151},
number = {5},
pages = {580--589},
month = may
}

@article{THOMLINSON:1955wg,
author = {THOMLINSON, R H and GRAY, L H},
title = {{The histological structure of some human lung cancers and the possible implications for radiotherapy.}},
journal = {British Journal of Cancer},
year = {1955},
volume = {9},
number = {4},
pages = {539--549},
month = dec
}

@article{Winter:2012cu,
author = {Winter, Patrick M},
title = {{Magnetic resonance chemical exchange saturation transfer imaging and nanotechnology}},
journal = {Wiley Interdisciplinary Reviews: Nanomedicine and Nanobiotechnology},
year = {2012},
volume = {4},
number = {4},
pages = {389--398},
month = mar
}

@article{McVicar:2015bw,
author = {McVicar, Nevin and Li, Alex X and Meakin, Susan O and Bartha, Robert},
title = {{Imaging chemical exchange saturation transfer (CEST) effects following tumor-selective acidification using lonidamine}},
journal = {NMR in Biomedicine},
year = {2015},
volume = {28},
number = {5},
pages = {566--575},
month = mar
}

@article{Jankovic:2006dd,
author = {Jankovic, B and Aquino-Parsons, C and Raleigh, J A and Stanbridge, E J and Durand, R E and Banath, J P and MacPhail, S H and Olive, P L},
title = {{Comparison between pimonidazole binding, oxygen electrode measurements, and expression of endogenous hypoxia markers in cancer of the uterine cervix}},
journal = {Cytometry Part B: Clinical Cytometry},
year = {2006},
volume = {70B},
number = {2},
pages = {45--55}
}

@article{Saatchi:2012hc,
author = {Saatchi, Katayoun and Soema, Peter and Gelder, Nikolaus and Misri, Ripen and McPhee, Kelly and Baker, Jennifer H E and Reinsberg, Stefan A and Brooks, Donald E and H{\"a}feli, Urs O},
title = {{Hyperbranched Polyglycerols as Trimodal Imaging Agents: Design, Biocompatibility, and Tumor Uptake}},
journal = {Bioconjugate Chemistry},
year = {2012},
volume = {23},
number = {3},
pages = {372--381},
month = feb
}

@article{Sato:2001tt,
author = {Sato, N and Kobayashi, H and Hiraga, A and Saga, T and Togashi, K and Konishi, J and Brechbiel, M W},
title = {{Pharmacokinetics and enhancement patterns of macromolecular MR contrast agents with various sizes of polyamidoamine dendrimer cores.}},
journal = {Magnetic Resonance in Medicine},
year = {2001},
volume = {46},
number = {6},
pages = {1169--1173},
month = dec
}

@article{Folkman:1990ud,
author = {Folkman, J},
title = {{What is the evidence that tumors are angiogenesis dependent?}},
journal = {Journal of the National Cancer Institute},
year = {1990},
volume = {82},
number = {1},
pages = {4--6},
month = jan
}

@article{Desmond:2011jr,
author = {Desmond, Kimberly L and Stanisz, Greg J},
title = {{Understanding quantitative pulsed CEST in the presence of MT}},
journal = {Magnetic Resonance in Medicine},
year = {2011},
volume = {67},
number = {4},
pages = {979--990},
month = aug
}

@incollection{Cai:2012dk,
author = {Cai, Kejia and Xu, He N and Singh, Anup and Haris, Mohammad and Reddy, Ravinder and Li, Lin Z},
title = {{Characterizing Prostate Tumor Mouse Xenografts with CEST and MT-MRI and Redox Scanning}},
booktitle = {Oxygen Transport to Tissue XXXIV},
year = {2012},
pages = {39--45},
publisher = {Springer New York},
address = {New York, NY},
month = jul
}

@article{OConnor:2011jm,
author = {O'Connor, J P B and Rose, C J and Jackson, A and Watson, Y and Cheung, S and Maders, F and Whitcher, B J and Roberts, C and Buonaccorsi, G A and Thompson, G and Clamp, A R and Jayson, G C and Parker, G J M},
title = {{DCE-MRI biomarkers of tumour heterogeneity predict CRC liver metastasis shrinkage following bevacizumab and FOLFOX-6}},
journal = {British Journal of Cancer},
year = {2011},
volume = {105},
number = {1},
pages = {139--145},
month = jun
}

@article{Padhani:2006hg,
author = {Padhani, Anwar R and Krohn, Kenneth A and Lewis, Jason S and Alber, Markus},
title = {{Imaging oxygenation of human tumours}},
journal = {European Radiology},
year = {2006},
volume = {17},
number = {4},
pages = {861--872},
month = oct
}

@article{Vinogradov:2013dg,
author = {Vinogradov, Elena and Sherry, A Dean and Lenkinski, Robert E},
title = {{CEST: From basic principles to applications, challenges and opportunities}},
journal = {Journal of Magnetic Resonance},
year = {2013},
volume = {229},
pages = {155--172},
month = apr
}

@article{Tadamura:1997vc,
author = {Tadamura, E and Hatabu, H and Li, W and Prasad, P V and Edelman, R R},
title = {{Effect of oxygen inhalation on relaxation times in various tissues.}},
journal = {Journal of Magnetic Resonance Imaging},
year = {1997},
volume = {7},
number = {1},
pages = {220--225},
month = jan
}

@article{Barrett:2006jx,
author = {Barrett, Tristan and Kobayashi, Hisataka and Brechbiel, Martin and Choyke, Peter L},
title = {{Macromolecular MRI contrast agents for imaging tumor angiogenesis}},
journal = {European Journal of Radiology},
year = {2006},
volume = {60},
number = {3},
pages = {353--366},
month = dec
}

@article{Hudson:2009jv,
author = {Hudson, John M and Karshafian, Raffi and Burns, Peter N},
title = {{Quantification of flow using ultrasound and microbubbles: a disruption replenishment model based on physical principles.}},
journal = {Ultrasound in medicine {\&} biology},
year = {2009},
volume = {35},
number = {12},
pages = {2007--2020},
month = dec
}

@inproceedings{Thehypoxiccella:1999tt,
author = {Brown, J M},
title = {{The hypoxic cell: a target for selective cancer therapy--eighteenth Bruce F. Cain Memorial Award lecture.}},
booktitle = {Cancer research},
year = {1999},
pages = {5863--5870},
organization = {Department of Radiation Oncology, Stanford University School of Medicine, California 94305-5468, USA. mbrown@leland.stanford.edu},
month = dec
}

@article{Desmond:2016bw,
author = {Desmond, Kimberly L and Mehrabian, Hatef and Chavez, Sofia and Sahgal, Arjun and Soliman, Hany and Rola, Radoslaw and Stanisz, Greg J},
title = {{Chemical exchange saturation transfer for predicting response to stereotactic radiosurgery in human brain metastasis}},
journal = {Magnetic Resonance in Medicine},
year = {2016},
volume = {78},
number = {3},
pages = {1110--1120},
month = sep
}

@article{Sun:2016hk,
author = {Sun, Phillip Zhe and Zhou, Jinyuan and Sun, Weiyun and Huang, Judy and van Zijl, Peter CM},
title = {{Detection of the Ischemic Penumbra Using pH-Weighted MRI}},
journal = {Journal of Cerebral Blood Flow {\&} Metabolism},
year = {2016},
volume = {27},
number = {6},
pages = {1129--1136},
month = jun
}

@article{McDonald:2003cm,
author = {McDonald, Donald M and Choyke, Peter L},
title = {{Imaging of angiogenesis: from microscope to clinic.}},
journal = {Nature Medicine},
year = {2003},
volume = {9},
number = {6},
pages = {713--725},
month = jun
}

@article{Seal:2012cn,
author = {Seal, M D and Speers, C H and O'Reilly, S and Gelmon, K A and Ellard, S L and Chia, S K},
title = {{Outcomes of women with early-stage breast cancer receiving adjuvant trastuzumab}},
journal = {Current Oncology},
year = {2012},
volume = {19},
number = {4},
month = aug
}

@article{Ji:2017di,
author = {Ji, Yang and Zhou, Iris Yuwen and Qiu, Bensheng and Sun, Phillip Zhe},
title = {{Progress toward quantitative in vivo chemical exchange saturation transfer (CEST) MRI}},
journal = {Israel Journal of Chemistry},
year = {2017},
volume = {57},
number = {9},
pages = {809--824},
month = jun
}

@article{Hasebroock:2009hw,
author = {Hasebroock, Kendra M and Serkova, Natalie J},
title = {{Toxicity of MRI and CT contrast agents.}},
journal = {Expert opinion on drug metabolism {\&} toxicology},
year = {2009},
volume = {5},
number = {4},
pages = {403--416},
month = apr
}

@article{White:2016fz,
author = {White, Derek A and Zhang, Zhang and Li, Li and Gerberich, Jeni and Stojadinovic, Strahinja and Peschke, Peter and Mason, Ralph P},
title = {{Developing oxygen-enhanced magnetic resonance imaging as a prognostic biomarker of radiation response}},
journal = {Cancer Letters},
year = {2016},
volume = {380},
number = {1},
pages = {69--77},
month = sep
}

@article{Baumann:2016gr,
author = {Baumann, Michael and Krause, Mechthild and Overgaard, Jens and Debus, J{\"u}rgen and Bentzen, S{\o}ren M and Daartz, Juliane and Richter, Christian and Zips, Daniel and Bortfeld, Thomas},
title = {{Radiation oncology in the era of precision medicine}},
journal = {Nature Reviews Cancer},
year = {2016},
volume = {16},
number = {4},
pages = {234--249},
month = mar
}

@article{Chiarotti:1955kf,
author = {Chiarotti, G and Cristiani, G and Giulotto, L},
title = {{Proton relaxation in pure liquids and in liquids containing paramagnetic gases in solution}},
journal = {Il Nuovo Cimento},
year = {1955},
volume = {1},
number = {5},
pages = {863--873},
month = may
}

@article{Barnett:2013bt,
author = {Barnett, Jason C and Alvarez Secord, Angeles and Cohn, David E and Leath, Charles A and Myers, Evan R and Havrilesky, Laura J},
title = {{Cost effectiveness of alternative strategies for incorporating bevacizumab into the primary treatment of ovarian cancer.}},
journal = {Cancer},
year = {2013},
volume = {119},
number = {20},
pages = {3653--3661},
month = oct
}

@article{Zaiss:2013fn,
author = {Zaiss, Moritz and Bachert, Peter},
title = {{Chemical exchange saturation transfer (CEST) and MR Z-spectroscopy in vivo: a review of theoretical approaches and methods}},
journal = {Physics in Medicine and Biology},
year = {2013},
volume = {58},
number = {22},
pages = {R221--R269},
month = nov
}

@article{Arteel:1998tt,
author = {Arteel, G E and Thurman, R G and Raleigh, J A},
title = {{Reductive metabolism of the hypoxia marker pimonidazole is regulated by oxygen tension independent of the pyridine nucleotide redox state.}},
journal = {European journal of biochemistry},
year = {1998},
volume = {253},
number = {3},
pages = {743--750},
month = may
}

@article{Hakumaki:2003bd,
author = {Hakum{\"a}ki, Juhana M and Brindle, Kevin M},
title = {{Techniques: Visualizing apoptosis using nuclear magnetic resonance}},
journal = {Trends in Pharmacological Sciences},
year = {2003},
volume = {24},
number = {3},
pages = {146--149},
month = mar
}

@article{OConnor:2016ee,
author = {O'Connor, J P B and Boult, J K R and Jamin, Y and Babur, M and Finegan, K G and Williams, K J and Little, R A and Jackson, A and Parker, G J M and Reynolds, A R and Waterton, J C and Robinson, S P},
title = {{Oxygen-Enhanced MRI Accurately Identifies, Quantifies, and Maps Tumor Hypoxia in Preclinical Cancer Models}},
journal = {Cancer Research},
year = {2016},
volume = {76},
number = {4},
pages = {787--795},
month = feb
}

@article{Gerlinger:2012fs,
author = {Gerlinger, Marco and Rowan, Andrew J and Horswell, Stuart and Math, M and Larkin, James and Endesfelder, David and Gronroos, Eva and Martinez, Pierre and Matthews, Nicholas and Stewart, Aengus and Tarpey, Patrick and Varela, Ignacio and Phillimore, Benjamin and Begum, Sharmin and McDonald, Neil Q and Butler, Adam and Jones, David and Raine, Keiran and Latimer, Calli and Santos, Claudio R and Nohadani, Mahrokh and Eklund, Aron C and Spencer-Dene, Bradley and Clark, Graham and Pickering, Lisa and Stamp, Gordon and Gore, Martin and Szallasi, Zoltan and Downward, Julian and Futreal, P Andrew and Swanton, Charles},
title = {{Intratumor heterogeneity and branched evolution revealed by multiregion sequencing.}},
journal = {The New England journal of medicine},
year = {2012},
volume = {366},
number = {10},
pages = {883--892},
month = mar
}

@article{vanZijl:2011gn,
author = {van Zijl, Peter C M and Yadav, Nirbhay N},
title = {{Chemical exchange saturation transfer (CEST): What is in a name and what isn't?}},
journal = {Magnetic Resonance in Medicine},
year = {2011},
volume = {65},
number = {4},
pages = {927--948},
month = feb
}

@article{Xiang:2007cw,
author = {Xiang, Qing-San and Ye, Frank Q},
title = {{Correction for geometric distortion and N/2 ghosting in EPI by phase labeling for additional coordinate encoding (PLACE)}},
journal = {Magnetic Resonance in Medicine},
year = {2007},
volume = {57},
number = {4},
pages = {731--741}
}

@article{DelliCastelli:2013iv,
author = {Delli Castelli, D and Ferrauto, Giuseppe and Cutrin, Juan Carlos and Terreno, Enzo and Aime, Silvio},
title = {{In vivo maps of extracellular pH in murine melanoma by CEST-MRI}},
journal = {Magnetic Resonance in Medicine},
year = {2013},
volume = {71},
number = {1},
pages = {326--332},
month = mar
}

@article{Desmond:2013iw,
author = {Desmond, Kimberly L and Moosvi, Firas and Stanisz, Greg J},
title = {{Mapping of amide, amine, and aliphatic peaks in the CEST spectra of murine xenografts at 7 T}},
journal = {Magnetic Resonance in Medicine},
year = {2013},
volume = {71},
number = {5},
pages = {1841--1853},
month = jun
}

@article{Winter:2010co,
author = {Winter, Jeff D and Fierstra, Jorn and Dorner, Stephanie and Fisher, Joseph A and Lawrence, Keith S and Kassner, Andrea},
title = {{Feasibility and precision of cerebral blood flow and cerebrovascular reactivity MRI measurements using a computer-controlled gas delivery system in an anesthetised juvenile animal model}},
journal = {Journal of Magnetic Resonance Imaging},
year = {2010},
volume = {32},
number = {5},
pages = {1068--1075},
month = oct
}

@article{Greicius:2004ck,
author = {Greicius, Michael D and Srivastava, Gaurav and Reiss, Allan L and Menon, Vinod},
title = {{Default-mode network activity distinguishes Alzheimer's disease from healthy aging: evidence from functional MRI.}},
journal = {Proceedings of the National Academy of Sciences of the United States of America},
year = {2004},
volume = {101},
number = {13},
pages = {4637--4642},
month = mar
}

@article{Zhang:2010kd,
author = {Zhang, X and Lin, Y and Gillies, R J},
title = {{Tumor pH and Its Measurement}},
journal = {Journal of Nuclear Medicine},
year = {2010},
volume = {51},
number = {8},
pages = {1167--1170},
month = aug
}

@article{Adams:2011iy,
author = {Adams, Wendy K and Wieman, Carl E},
title = {{Development and Validation of Instruments to Measure Learning of Expert-Like Thinking}},
journal = {International Journal of Science Education},
year = {2011},
volume = {33},
number = {9},
pages = {1289--1312},
month = jun
}

@article{Kawai:2002fc,
author = {Kawai, F},
title = {{Microbial degradation of polyethers}},
journal = {Applied Microbiology and Biotechnology},
year = {2002},
volume = {58},
number = {1},
pages = {30--38},
month = jan
}

@article{Sledge:2015gb,
author = {Sledge, George W},
title = {{Anti-vascular endothelial growth factor therapy in breast cancer: game over?}},
journal = {Journal of Clinical Oncology},
year = {2015},
volume = {33},
number = {2},
pages = {133--135},
month = jan
}

@article{Imranulhaq:2012ij,
author = {Imran ul-haq, Muhammad and Lai, Benjamin F L and Chapanian, Rafi and Kizhakkedathu, Jayachandran N},
title = {{Influence of architecture of high molecular weight linear and branched polyglycerols on their biocompatibility and biodistribution.}},
journal = {Biomaterials},
year = {2012},
volume = {33},
number = {35},
pages = {9135--9147},
month = dec
}

@article{Zhou:2019km,
author = {Zhou, Heling and Belzile, Olivier and Zhang, Zhang and Wagner, Jo and Ahn, Chul and Richardson, James A and Saha, Debabrata and Brekken, Rolf A and Mason, Ralph P},
title = {{The effect of flow on blood oxygen level dependent (R*2 ) MRI of orthotopic lung tumors.}},
journal = {Magnetic Resonance in Medicine},
year = {2019},
volume = {81},
number = {6},
pages = {3787--3797},
month = jun
}

@article{Troost:2005ch,
author = {Troost, Esther G C and Bussink, Johan and Kaanders, Johannes H A M and van Eerd, Julli{\"e}tte and Peters, Johannes P W and Rijken, Paulus F J W and Boerman, Otto C and van der Kogel, Albert J},
title = {{Comparison of different methods of CAIX quantification in relation to hypoxia in three human head and neck tumor lines}},
journal = {Radiotherapy and Oncology},
year = {2005},
volume = {76},
number = {2},
pages = {194--199},
month = aug
}

@article{Tang:2013fi,
author = {Tang, Jianbin and Sheng, Yuqi and Hu, Hongjie and Shen, Youqing},
title = {{Macromolecular MRI contrast agents: Structures, properties and applications}},
journal = {Progress in Polymer Science},
year = {2013},
volume = {38},
number = {3-4},
pages = {462--502},
month = mar
}

@article{Sherry:2008jg,
author = {Sherry, A Dean and Woods, Mark},
title = {{Chemical Exchange Saturation Transfer Contrast Agents for Magnetic Resonance Imaging}},
journal = {Annual Review of Biomedical Engineering},
year = {2008},
volume = {10},
number = {1},
pages = {391--411},
month = aug
}

@article{Goel:2011ku,
author = {Goel, Shom and Duda, Dan G and Xu, Lei and Munn, Lance L and Boucher, Yves and Fukumura, Dai and Jain, Rakesh K},
title = {{Normalization of the Vasculature for Treatment of Cancer and Other Diseases}},
journal = {Physiological Reviews},
year = {2011},
volume = {91},
number = {3},
pages = {1071--1121},
month = jul
}

@article{Gillies:2004tz,
author = {Gillies, Robert J and Raghunand, Natarajan and Garcia-Martin, Maria L and Gatenby, Robert A},
title = {{pH imaging. A review of pH measurement methods and applications in cancers.}},
journal = {IEEE engineering in medicine and biology magazine : the quarterly magazine of the Engineering in Medicine {\&} Biology Society},
year = {2004},
volume = {23},
number = {5},
pages = {57--64},
month = sep
}

@article{McKeown:1998wd,
author = {McKeown, M J and Jung, T P and Makeig, S and Brown, G and Kindermann, S S and Lee, T W and Sejnowski, T J},
title = {{Spatially independent activity patterns in functional MRI data during the stroop color-naming task.}},
journal = {Proceedings of the National Academy of Sciences of the United States of America},
year = {1998},
volume = {95},
number = {3},
pages = {803--810},
month = feb
}

@article{deLussanet:2005cb,
author = {de Lussanet, Quido G and Langereis, Sander and Beets-Tan, Regina G H and van Genderen, Marcel H P and Griffioen, Arjan W and van Engelshoven, Jos M A and Backes, Walter H},
title = {{Dynamic contrast-enhanced MR imaging kinetic parameters and molecular weight of dendritic contrast agents in tumor angiogenesis in mice.}},
journal = {Radiology},
year = {2005},
volume = {235},
number = {1},
pages = {65--72},
month = apr
}

@article{Qian:2000ca,
author = {Qian, H and Bassingthwaighte, J B},
title = {{A class of flow bifurcation models with lognormal distribution and fractal dispersion.}},
journal = {Journal of theoretical biology},
year = {2000},
volume = {205},
number = {2},
pages = {261--268},
month = jul
}

@article{LAM:2013dt,
author = {LAM, KA ON and LEE, VICTOR HO FUN and LIU, RICO KIN YIN and LEUNG, TO WAI and KWONG, DORA LAI WAN},
title = {{Bevacizumab-containing regimens after cetuximab failure in Kras wild-type metastatic colorectal carcinoma.}},
journal = {Oncology letters},
year = {2013},
volume = {5},
number = {2},
pages = {637--640},
month = feb
}

@article{Bria:2007gc,
author = {Bria, Emilio and Cuppone, Federica and Fornier, Monica and Nistic{\`o}, Cecilia and Carlini, Paolo and Milella, Michele and Sperduti, Isabella and Terzoli, Edmondo and Cognetti, Francesco and Giannarelli, Diana},
title = {{Cardiotoxicity and incidence of brain metastases after adjuvant trastuzumab for early breast cancer: the dark side of the moon? A meta-analysis of the randomized trials}},
journal = {Breast Cancer Research and Treatment},
year = {2007},
volume = {109},
number = {2},
pages = {231--239},
month = jul
}

@article{Flament:2012ee,
author = {Flament, Julien and Geffroy, Fran{\c c}oise and Medina, Christelle and Robic, Caroline and Mayer, Jean-Fran{\c c}ois and M{\'e}riaux, S{\'e}bastien and Valette, Julien and Robert, Philippe and Port, Marc and Le Bihan, Denis and Lethimonnier, Franck and Boumezbeur, Fawzi},
title = {{In vivo CEST MR imaging of U87 mice brain tumor angiogenesis using targeted LipoCEST contrast agent at 7 T}},
journal = {Magnetic Resonance in Medicine},
year = {2012},
volume = {69},
number = {1},
pages = {179--187},
month = feb
}

@article{Sheth:2011ge,
author = {Sheth, Vipul R and Li, Yuguo and Chen, Liu Qi and Howison, Christine M and Flask, Chris A and Pagel, Mark D},
title = {{Measuring in vivo tumor pHe with CEST-FISP MRI}},
journal = {Magnetic Resonance in Medicine},
year = {2011},
volume = {67},
number = {3},
pages = {760--768},
month = oct
}

@article{Zu:2012kt,
author = {Zu, Zhongliang and Janve, Vaibhav A and Xu, Junzhong and Does, Mark D and Gore, John C and Gochberg, Daniel F},
title = {{A new method for detecting exchanging amide protons using chemical exchange rotation transfer}},
journal = {Magnetic Resonance in Medicine},
year = {2012},
volume = {69},
number = {3},
pages = {637--647},
month = apr
}

@article{Linnik:2013hf,
author = {Linnik, Inna V and Scott, Marietta L J and Holliday, Katherine F and Woodhouse, Neil and Waterton, John C and O'Connor, James P B and Barjat, Herv{\'e} and Liess, Carsten and Ulloa, Jose and Young, Helen and Dive, Caroline and Hodgkinson, Cassandra L and Ward, Tim and Roberts, Darren and Mills, Samantha J and Thompson, Gerard and Buonaccorsi, Giovanni A and Cheung, Susan and Jackson, Alan and Naish, Josephine H and Parker, Geoff J M},
title = {{Noninvasive tumor hypoxia measurement using magnetic resonance imaging in murine U87 glioma xenografts and in patients with glioblastoma}},
journal = {Magnetic Resonance in Medicine},
year = {2013},
volume = {71},
number = {5},
pages = {1854--1862},
month = jun
}

@article{Saeed:2001wy,
author = {Saeed, M and Lund, G and Wendland, M F and Bremerich, J and Weinmann, H and Higgins, C B},
title = {{Magnetic resonance characterization of the peri-infarction zone of reperfused myocardial infarction with necrosis-specific and extracellular nonspecific contrast media.}},
journal = {Circulation},
year = {2001},
volume = {103},
number = {6},
pages = {871--876},
month = feb
}

@article{Parker:2001wj,
author = {Parker, G J and Barker, G J and Tofts, P S},
title = {{Accurate multislice gradient echo T(1) measurement in the presence of non-ideal RF pulse shape and RF field nonuniformity.}},
journal = {Magnetic Resonance in Medicine},
year = {2001},
volume = {45},
number = {5},
pages = {838--845},
month = may
}

@article{PRINTZ:1965uc,
author = {PRINTZ, M P and VONHIPPEL, P H},
title = {{HYDROGEN EXCHANGE STUDIES OF DNA STRUCTURE.}},
journal = {Proceedings of the National Academy of Sciences of the United States of America},
year = {1965},
volume = {53},
pages = {363--370},
month = feb
}

@article{Dewhirst:1999jh,
author = {Dewhirst, M W and Ong, E T and Braun, R D and Smith, B and Klitzman, B and Evans, S M and Wilson, D},
title = {{Quantification of longitudinal tissue pO2 gradients in window chamber tumours: impact on tumour hypoxia.}},
journal = {British Journal of Cancer},
year = {1999},
volume = {79},
number = {11-12},
pages = {1717--1722},
month = apr
}

@article{Chauhan:2011fi,
author = {Chauhan, Vikash P and Stylianopoulos, Triantafyllos and Boucher, Yves and Jain, Rakesh K},
title = {{Delivery of molecular and nanoscale medicine to tumors: transport barriers and strategies.}},
journal = {Annual review of chemical and biomolecular engineering},
year = {2011},
volume = {2},
pages = {281--298}
}

@article{By:2017km,
author = {By, Samantha and Barry, Robert L and Smith, Alex K and Lyttle, Bailey D and Box, Bailey A and Bagnato, Francesca R and Pawate, Siddharama and Smith, Seth A},
title = {{Amide proton transfer CEST of the cervical spinal cord in multiple sclerosis patients at 3T}},
journal = {Magnetic Resonance in Medicine},
year = {2017},
volume = {79},
number = {2},
pages = {806--814},
month = may
}

@article{Jain:2005gk,
author = {Jain, Rakesh K},
title = {{Normalization of tumor vasculature: an emerging concept in antiangiogenic therapy.}},
journal = {Science (New York, N.Y.)},
year = {2005},
volume = {307},
number = {5706},
pages = {58--62},
month = jan
}

@booklet{Crow:1988wm,
title = {{Lognormal distributions: Theory and Applications}},
author = {Crow, E L and Shimizu, K},
howpublished = {Marcel Dekker Inc.},
address = {New York},
year = {1988},
annote = {mean and variance of lognormal distribution gotten from here: 

http://mathworld.wolfram.com/LogNormalDistribution.html

They referenced this textbook.}
}

@article{Bayer:2011js,
author = {Bayer, Christine and Shi, Kuangyu and Astner, Sabrina T and Maftei, Constantin-Alin and Vaupel, Peter},
title = {{Acute Versus Chronic Hypoxia: Why a Simplified Classification is Simply Not Enough}},
journal = {International Journal of Radiation Oncology*Biology*Physics},
year = {2011},
volume = {80},
number = {4},
pages = {965--968},
month = jul
}

@article{Mulder:2013kv,
author = {Mulder, Willem J M and Nicolay, Klaas and Liu, Guanshu and Song, Xiaolei and Chan, Kannie W Y and McMahon, Michael T},
title = {{Nuts and bolts of chemical exchange saturation transfer MRI}},
journal = {NMR in Biomedicine},
year = {2013},
volume = {26},
number = {7},
pages = {810--828},
month = jan
}

@article{Schmitt:2004kq,
author = {Schmitt, Peter and Griswold, Mark A and Jakob, Peter M and Kotas, Markus and Gulani, Vikas and Flentje, Michael and Haase, Axel},
title = {{Inversion recovery TrueFISP: Quantification ofT1,T2, and spin density}},
journal = {Magnetic Resonance in Medicine},
year = {2004},
volume = {51},
number = {4},
pages = {661--667}
}

@article{Krikken:2018em,
author = {Krikken, Erwin and Khlebnikov, Vitaliy and Zaiss, Moritz and Jibodh, Rajni A and van Diest, Paul J and Luijten, Peter R and Klomp, Dennis W J and van Laarhoven, Hanneke W M and Wijnen, Jannie P},
title = {{Amide chemical exchange saturation transfer at 7~T: a possible biomarker for detecting early response to neoadjuvant chemotherapy in breast cancer patients.}},
journal = {Breast cancer research : BCR},
year = {2018},
volume = {20},
number = {1},
pages = {51},
month = jun
}

@article{Remmele:2012df,
author = {Remmele, Stefanie and Sprinkart, Alois M and M{\"u}ller, Andreas and Tr{\"a}ber, Frank and von Lehe, Marec and Gieseke, J{\"u}rgen and Flacke, Sebastian and Willinek, Winfried A and Schild, Hans H and S{\'e}n{\'e}gas, Julien and Keupp, Jochen and M{\"u}rtz, Petra},
title = {{Dynamic and simultaneous MR measurement of R$_{1}$ and R$_{2}^{*}$ changes during respiratory challenges for the assessment of blood and tissue oxygenation}},
journal = {Magnetic Resonance in Medicine},
year = {2012},
volume = {70},
number = {1},
pages = {136--146},
month = aug
}

@article{Lee:2010gb,
author = {Lee, Carol M and Tannock, Ian F},
title = {{The distribution of the therapeutic monoclonal antibodies cetuximab and trastuzumab within solid tumors.}},
journal = {BMC cancer},
year = {2010},
volume = {10},
number = {1},
pages = {255},
month = jun
}

@article{Overgaard:2011ji,
author = {Overgaard, Jens},
title = {{Hypoxic modification of radiotherapy in squamous cell carcinoma of the head and neck {\textendash} A systematic review and meta-analysis}},
journal = {Radiotherapy and Oncology},
year = {2011},
volume = {100},
number = {1},
pages = {22--32},
month = jul
}

@article{Ni:2002cq,
author = {Ni, Yicheng and Dymarkowski, Steven and Chen, Feng and Bogaert, Jan and Marchal, Guy},
title = {{Occlusive myocardial infarction enhanced or not enhanced with necrosis-avid contrast agents at MR imaging.}},
journal = {Radiology},
year = {2002},
volume = {225},
number = {2},
pages = {603--5-- author reply 605--6},
month = nov
}

@article{Johnson:2016cs,
author = {Johnson, Thomas W and Wu, Ying and Nathoo, Nabeela and Rogers, James A and Wee Yong, V and Dunn, Jeff F},
title = {{Gray Matter Hypoxia in the Brain of the Experimental Autoimmune Encephalomyelitis Model of Multiple Sclerosis}},
journal = {PLOS ONE},
year = {2016},
volume = {11},
number = {12},
pages = {e0167196},
month = dec
}

@article{Hyvarinen:2000vk,
author = {Hyv{\"a}rinen, A and Oja, E},
title = {{Independent component analysis: algorithms and applications.}},
journal = {Neural Networks},
year = {2000},
volume = {13},
number = {4-5},
pages = {411--430},
month = may
}

@article{Kyle:2007ch,
author = {Kyle, Alastair H and Huxham, Lynsey A and Yeoman, Devon M and Minchinton, Andrew I},
title = {{Limited tissue penetration of taxanes: a mechanism for resistance in solid tumors.}},
journal = {Clinical Cancer Research},
year = {2007},
volume = {13},
number = {9},
pages = {2804--2810},
month = may
}

@article{Ogan:1987tg,
author = {Ogan, M D and Schmiedl, U and Moseley, M E and Grodd, W and Paajanen, H and Brasch, R C},
title = {{Albumin labeled with Gd-DTPA. An intravascular contrast-enhancing agent for magnetic resonance blood pool imaging: preparation and characterization.}},
journal = {Investigative radiology},
year = {1987},
volume = {22},
number = {8},
pages = {665--671},
month = aug
}

@article{Murrell:2015bz,
author = {Murrell, Donna H and Hamilton, Amanda M and Mallett, Christiane L and van Gorkum, Robbert and Chambers, Ann F and Foster, Paula J},
title = {{Understanding Heterogeneity and Permeability of Brain Metastases in Murine Models of HER2-Positive Breast Cancer Through Magnetic Resonance Imaging: Implications for Detection and Therapy}},
journal = {Translational Oncology},
year = {2015},
volume = {8},
number = {3},
pages = {176--184},
month = jun
}

@article{DaldrupLink:2004gy,
author = {Daldrup-Link, Heike E and Okuhata, Yoshitaka and Wolfe, Allan and Srivastav, Sudesk and {\O}ie, Sven and Ferrara, Napoleone and Cohen, Robert L and Shames, David M and Brasch, Robert C},
title = {{Decrease in tumor apparent permeability-surface area product to a MRI macromolecular contrast medium following angiogenesis inhibition with correlations to cytotoxic drug accumulation.}},
journal = {Microcirculation (New York, N.Y. : 1994)},
year = {2004},
volume = {11},
number = {5},
pages = {387--396},
month = jul
}

@article{Miles:2000wq,
author = {Miles, K A and Charnsangavej, C and Lee, F T and Fishman, E K and Horton, K and Lee, T Y},
title = {{Application of CT in the investigation of angiogenesis in oncology.}},
journal = {Academic radiology},
year = {2000},
volume = {7},
number = {10},
pages = {840--850},
month = oct
}

@article{Tatum:2006fl,
author = {Tatum, James L and Kelloff, Gary J and Gillies, Robert J and Arbeit, Jeffrey M and Brown, J Martin and Chao, K S Clifford and Chapman, J Donald and Eckelman, William C and Fyles, Anthony W and Giaccia, Amato J and Hill, Richard P and Koch, Cameron J and Krishna, Murali Cherukuri and Krohn, Kenneth A and Lewis, Jason S and Mason, Ralph P and Melillo, Giovanni and Padhani, Anwar R and Powis, Garth and Rajendran, Joseph G and Reba, Richard and Robinson, Simon P and Semenza, Gregg L and Swartz, Harold M and Vaupel, Peter and Yang, David and Croft, Barbara and Hoffman, John and Liu, Guoying and Stone, Helen and Sullivan, Daniel},
title = {{Hypoxia: importance in tumor biology, noninvasive measurement by imaging, and value of its measurement in the management of cancer therapy.}},
journal = {International Journal of Radiation Biology},
year = {2006},
volume = {82},
number = {10},
pages = {699--757},
month = oct
}

@article{Dijkers:2010gc,
author = {Dijkers, E C and Oude Munnink, T H and Kosterink, J G and Brouwers, A H and Jager, P L and de Jong, J R and van Dongen, G A and Schr{\"o}der, C P and Lub-de Hooge, M N and de Vries, E G},
title = {{Biodistribution of 89Zr-trastuzumab and PET Imaging of HER2-Positive Lesions in Patients With Metastatic Breast Cancer}},
journal = {Clinical Pharmacology {\&} Therapeutics},
year = {2010},
volume = {87},
number = {5},
pages = {586--592},
month = mar
}

@article{Sedlacik:2008cc,
author = {Sedlacik, Jan and Kutschbach, Christian and Rauscher, Alexander and Deistung, Andreas and Reichenbach, J{\"u}rgen R},
title = {{Investigation of the influence of carbon dioxide concentrations on cerebral physiology by susceptibility-weighted magnetic resonance imaging (SWI)}},
journal = {NeuroImage},
year = {2008},
volume = {43},
number = {1},
pages = {36--43},
month = oct
}

@article{Kalra:2017is,
author = {Kalra, Jessica and Baker, Jennifer},
title = {{Multiplex Immunohistochemistry for Mapping the Tumor Microenvironment.}},
journal = {Methods in molecular biology (Clifton, N.J.)},
year = {2017},
volume = {1554},
number = {1},
pages = {237--251}
}

@article{Hardee:2009tw,
author = {Hardee, Matthew E and Dewhirst, Mark W and Agarwal, Nikita and Sorg, Brian S},
title = {{Novel imaging provides new insights into mechanisms of oxygen transport in tumors.}},
journal = {Current molecular medicine},
year = {2009},
volume = {9},
number = {4},
pages = {435--441},
month = may
}

@article{Gillies:2002fl,
author = {Gillies, Robert J and Raghunand, Natarajan and Karczmar, Gregory S and Bhujwalla, Zaver M},
title = {{MRI of the tumor microenvironment}},
journal = {Journal of Magnetic Resonance Imaging},
year = {2002},
volume = {16},
number = {4},
pages = {430--450},
month = sep
}

@book{Anonymous:J5f1U-lE,
title = {{Molecular Targeting in Oncology}}
}

@article{Zhang:2008ie,
author = {Zhang, Mutian and Huang, Minming and Le, Carl and Zanzonico, Pat B and Claus, Filip and Kolbert, Katherine S and Martin, Kyle and Ling, C Clifton and Koutcher, Jason A and Humm, John L},
title = {{Accuracy and reproducibility of tumor positioning during prolonged and multi-modality animal imaging studies.}},
journal = {Physics in Medicine and Biology},
year = {2008},
volume = {53},
number = {20},
pages = {5867--5882},
month = oct
}

@article{Lemasson:2012dl,
author = {Lemasson, Benjamin and Christen, Thomas and Serduc, Rapha{\"e}l and Maisin, C{\'e}cile and Bouchet, Audrey and Le Duc, G{\'e}raldine and R{\'e}my, Chantal and Barbier, Emmanuel L},
title = {{Evaluation of the relationship between MR estimates of blood oxygen saturation and hypoxia: effect of an antiangiogenic treatment on a gliosarcoma model.}},
journal = {Radiology},
year = {2012},
volume = {265},
number = {3},
pages = {743--752},
month = dec
}

@article{Gerweck:1998tn,
author = {Gerweck, L E},
title = {{Tumor pH: implications for treatment and novel drug design.}},
journal = {Seminars in radiation oncology},
year = {1998},
volume = {8},
number = {3},
pages = {176--182},
month = jul
}

@article{Nagengast:2007hx,
author = {Nagengast, Wouter B and de Vries, Elisabeth G and Hospers, Geke A and Mulder, Nanno H and de Jong, Johan R and Hollema, Harry and Brouwers, Adrienne H and van Dongen, Guus A and Perk, Lars R and Lub-de Hooge, Marjolijn N},
title = {{In vivo VEGF imaging with radiolabeled bevacizumab in a human ovarian tumor xenograft.}},
journal = {Journal of Nuclear Medicine},
year = {2007},
volume = {48},
number = {8},
pages = {1313--1319},
month = aug
}

@article{Yang:2014gu,
author = {Yang, Xing and Yadav, Nirbhay N and Song, Xiaolei and Ray Banerjee, Sangeeta and Edelman, Hannah and Minn, Il and van Zijl, Peter C M and Pomper, Martin G and McMahon, Michael T},
title = {{Tuning Phenols with Intra-Molecular Bond Shifted HYdrogens (IM-SHY) as diaCEST MRI Contrast Agents}},
journal = {Chemistry - A European Journal},
year = {2014},
volume = {20},
number = {48},
pages = {15824--15832},
month = oct
}

@article{Jordan:2012do,
author = {Jordan, B{\'e}n{\'e}dicte F and Magat, Julie and Colliez, Florence and Ozel, Elif and Fruytier, Anne-Catherine and Marchand, Val{\'e}rie and Mignion, Lionel and Bouzin, Caroline and Cani, Patrice D and Vandeputte, Caroline and Feron, Olivier and Delzenne, Nathalie and Himmelreich, Uwe and Denolin, Vincent and Duprez, Thierry and Gallez, Bernard},
title = {{Mapping of oxygen by imaging lipids relaxation enhancement: A potential sensitive endogenous MRI contrast to map variations in tissue oxygenation}},
journal = {Magnetic Resonance in Medicine},
year = {2012},
volume = {70},
number = {3},
pages = {732--744},
month = sep
}

@article{Heilmann:2006bm,
author = {Heilmann, Melanie and Kiessling, Fabian and Enderlin, Marta and Schad, Lothar R},
title = {{Determination of pharmacokinetic parameters in DCE MRI: Consequence of nonlinearity between contrast agent concentration and signal intensity.}},
journal = {Investigative radiology},
year = {2006},
volume = {41},
number = {6},
pages = {536--543},
month = jun
}

@article{Kaanders:2002wl,
author = {Kaanders, Johannes H A M and Wijffels, Karien I E M and Marres, Henri A M and Ljungkvist, Anna S E and Pop, Lucas A M and van den Hoogen, Franciscus J A and de Wilde, Peter C M and Bussink, Johan and Raleigh, James A and van der Kogel, Albert J},
title = {{Pimonidazole binding and tumor vascularity predict for treatment outcome in head and neck cancer.}},
journal = {Cancer Research},
year = {2002},
volume = {62},
number = {23},
pages = {7066--7074},
month = dec
}

@article{Schmithorst:2004ki,
author = {Schmithorst, Vincent J and Holland, Scott K},
title = {{Comparison of three methods for generating group statistical inferences from independent component analysis of functional magnetic resonance imaging data.}},
journal = {Journal of Magnetic Resonance Imaging},
year = {2004},
volume = {19},
number = {3},
pages = {365--368},
month = mar
}

@article{Adams:2011iy,
author = {Adams, W K and Science, CE Wieman International Journal of and {2011}},
title = {{Development and validation of instruments to measure learning of expert-like thinking}},
journal = {Taylor {\&} Francis
}
}

@article{Bailey:2013kd,
author = {Bailey, Colleen and Moosvi, Firas and Stanisz, Greg J},
title = {{Mapping water exchange rates in rat tumor xenografts using the late-stage uptake following bolus injections of contrast agent}},
journal = {Magnetic Resonance in Medicine},
year = {2013},
volume = {71},
number = {5},
pages = {1874--1887},
month = jun
}

@article{Juweid:1992ty,
author = {Juweid, M and Neumann, R and Paik, C and Perez-Bacete, M J and Sato, J and van Osdol, W and Weinstein, J N},
title = {{Micropharmacology of monoclonal antibodies in solid tumors: direct experimental evidence for a binding site barrier.}},
journal = {Cancer Research},
year = {1992},
volume = {52},
number = {19},
pages = {5144--5153},
month = oct
}

@article{Hui:2013bt,
author = {Hui, Cheukkai and Esparza-Coss, Emilio and Narayana, Ponnada A},
title = {{Improved three-dimensional Look-Locker acquisition scheme and angle map filtering procedure for T1estimation}},
journal = {NMR in Biomedicine},
year = {2013},
volume = {26},
number = {11},
pages = {1420--1430},
month = jun
}

@article{Schellenberger:2002wk,
author = {Schellenberger, Eyk A and Bogdanov, Alexei and H{\"o}gemann, Dagmar and Tait, Jonathan and Weissleder, Ralph and Josephson, Lee},
title = {{Annexin V-CLIO: a nanoparticle for detecting apoptosis by MRI.}},
journal = {Molecular Imaging},
year = {2002},
volume = {1},
number = {2},
pages = {102--107},
month = apr
}

@article{Silvennoinen:2003gn,
author = {Silvennoinen, M Johanna and Kettunen, Mikko I and Kauppinen, Risto A},
title = {{Effects of hematocrit and oxygen saturation level on blood spin-lattice relaxation}},
journal = {Magnetic Resonance in Medicine},
year = {2003},
volume = {49},
number = {3},
pages = {568--571},
month = feb
}

@article{Mulder:2012gw,
author = {Mulder, Willem J M and McMahon, Michael T and Nicolay, Klaas and Soesbe, Todd C and Wu, Yunkou and Dean Sherry, A},
title = {{Advantages of paramagnetic chemical exchange saturation transfer (CEST) complexes having slow to intermediate water exchange properties as responsive MRI agents}},
journal = {NMR in Biomedicine},
year = {2012},
volume = {26},
number = {7},
pages = {829--838},
month = oct
}

@article{Beauregard:2001vl,
author = {Beauregard, D A and Hill, S A and Chaplin, D J and Brindle, K M},
title = {{The susceptibility of tumors to the antivascular drug combretastatin A4 phosphate correlates with vascular permeability.}},
journal = {Cancer Research},
year = {2001},
volume = {61},
number = {18},
pages = {6811--6815},
month = sep
}

@article{Calhoun:2009jr,
author = {Calhoun, Vince D and Liu, Jingyu and Adali, T{\"u}lay},
title = {{A review of group ICA for fMRI data and ICA for joint inference of imaging, genetic, and ERP data.}},
journal = {NeuroImage},
year = {2009},
volume = {45},
number = {1 Suppl},
pages = {S163--72},
month = mar
}

@article{Jakob:2001jn,
author = {Jakob, Peter M and Hillenbrand, Claudia M and Wang, Tungte and Schultz, Georg and Hahn, Dietbert and Haase, Axel},
title = {{Rapid quantitative lung1H T1 mapping}},
journal = {Journal of Magnetic Resonance Imaging},
year = {2001},
volume = {14},
number = {6},
pages = {795--799}
}

@article{Yang:2018hz,
author = {Yang, Jun and Liao, Chengde and Liu, Yifan and Yang, Guangjun and Ke, Tengfei and Ding, Yingying and Li, Qinqing},
title = {{MR imaging biomarkers evaluating vascular normalization window after anti-vessel treatment.}},
journal = {Oncotarget},
year = {2018},
volume = {9},
number = {15},
pages = {11964--11976},
month = feb
}

@article{Zaiss:2015hu,
author = {Zaiss, Moritz and Windschuh, Johannes and Paech, Daniel and Meissner, Jan-Eric and Burth, Sina and Schmitt, Benjamin and Kickingereder, Philip and Wiestler, Benedikt and Wick, Wolfgang and Bendszus, Martin and Schlemmer, Heinz-Peter and Ladd, Mark E and Bachert, Peter and Radbruch, Alexander},
title = {{Relaxation-compensated CEST-MRI of the human brain at 7T: Unbiased insight into NOE and amide signal changes in human glioblastoma.}},
journal = {NeuroImage},
year = {2015},
volume = {112},
pages = {180--188},
month = may
}

@article{Sedlacik:2009ks,
author = {Sedlacik, Jan and Rauscher, Alexander and Reichenbach, J{\"u}rgen R},
title = {{Quantification of modulated blood oxygenation levels in single cerebral veins by investigating their MR signal decay}},
journal = {Zeitschrift f{\"u}r Medizinische Physik},
year = {2009},
volume = {19},
number = {1},
pages = {48--57},
month = jan
}

@article{Li:2005gw,
author = {Li, Ka-Loh and Wilmes, Lisa J and Henry, Roland G and Pallavicini, Maria G and Park, John W and Hu-Lowe, Dana D and McShane, Teresa M and Shalinsky, David R and Fu, Y-J and Brasch, Robert C and Hylton, Nola M},
title = {{Heterogeneity in the angiogenic response of a BT474 human breast cancer to a novel vascular endothelial growth factor-receptor tyrosine kinase inhibitor: Assessment by voxel analysis of dynamic contrast-enhanced MRI}},
journal = {Journal of Magnetic Resonance Imaging},
year = {2005},
volume = {22},
number = {4},
pages = {511--519},
month = oct
}

@article{Mijovic:2012jn,
author = {Mijovi{\'c}, Bogdan and Vanderperren, Katrien and Novitskiy, Nikolay and Vanrumste, Bart and Stiers, Peter and Bergh, Bea Van den and Lagae, Lieven and Sunaert, Stefan and Wagemans, Johan and Huffel, Sabine Van and Vos, Maarten De},
title = {{The "why" and "how" of JointICA: results from a visual detection task.}},
journal = {NeuroImage},
year = {2012},
volume = {60},
number = {2},
pages = {1171--1185},
month = apr
}

@article{Hanahan:2000wo,
author = {Hanahan, D and Weinberg, R A},
title = {{The hallmarks of cancer.}},
journal = {Cell},
year = {2000},
volume = {100},
number = {1},
pages = {57--70},
month = jan
}

@article{Laufer:2014cn,
author = {Laufer, Shlomi and Mazuz, Ahinoam and Nachmansson, Nathalie and Fellig, Yakov and Corn, Benjamin William and Bokstein, Felix and Bashat, Dafna Ben and Abramovitch, Rinat},
title = {{Monitoring brain tumor vascular heamodynamic following anti-angiogenic therapy with advanced magnetic resonance imaging in mice.}},
journal = {PLOS ONE},
year = {2014},
volume = {9},
number = {12},
pages = {e115093}
}

@article{Samant:2011fu,
author = {Samant, Rajeev S and Shevde, Lalita A},
title = {{Recent advances in anti-angiogenic therapy of cancer.}},
journal = {Oncotarget},
year = {2011},
volume = {2},
number = {3},
pages = {122--134},
month = mar
}

@article{Malave:1979ui,
author = {Malav{\'e}, I and Blanca, I and Fuji, H},
title = {{Influence of inoculation site on development of the Lewis lung carcinoma and suppressor cell activity in syngeneic mice.}},
journal = {Journal of the National Cancer Institute},
year = {1979},
volume = {62},
number = {1},
pages = {83--88},
month = jan
}

@article{Naik:2011aa,
author = {Naik, G R and Informatica, DK Kumar and {2011}},
title = {{An overview of independent component analysis and its applications}},
journal = {informatica.si
}
}

@article{Zhou:2006cl,
author = {Zhou, Jinyuan and Zijl, Peter C M van},
title = {{Chemical exchange saturation transfer imaging and spectroscopy}},
journal = {Progress in Nuclear Magnetic Resonance Spectroscopy},
year = {2006},
volume = {48},
number = {2-3},
pages = {109--136},
month = may
}

@article{Yang:2019cz,
author = {Yang, Donghan M and Arai, Tatsuya J and Campbell, James W and Gerberich, Jenifer L and Zhou, Heling and Mason, Ralph P},
title = {{Oxygen-sensitive MRI assessment of tumor response to hypoxic gas breathing challenge.}},
journal = {NMR in Biomedicine},
year = {2019},
pages = {e4101},
month = may
}

@article{Martin:2019io,
author = {Martin, John D and Seano, Giorgio and Jain, Rakesh K},
title = {{Normalizing Function of Tumor Vessels: Progress, Opportunities, and Challenges.}},
journal = {Annual review of physiology},
year = {2019},
volume = {81},
pages = {505--534},
month = feb
}

@article{Golman:2006cq,
author = {Golman, K and Zandt, R i and Lerche, M and Pehrson, R and Ardenkjaer-Larsen, J H},
title = {{Metabolic Imaging by Hyperpolarized 13C Magnetic Resonance Imaging for In vivo Tumor Diagnosis}},
journal = {Cancer Research},
year = {2006},
volume = {66},
number = {22},
pages = {10855--10860},
month = nov
}

@article{Marchal:1996uq,
author = {Marchal, G and Ni, Y and Herijgers, P and Flameng, W and Petr{\'e}, C and Bosmans, H and Yu, J and Ebert, W and Hilger, C S and Pfefferer, D and Semmler, W and Baert, A L},
title = {{Paramagnetic metalloporphyrins: infarct avid contrast agents for diagnosis of acute myocardial infarction by MRI.}},
journal = {European Radiology},
year = {1996},
volume = {6},
number = {1},
pages = {2--8}
}

@article{Minchinton:2006gs,
author = {Minchinton, Andrew I and Tannock, Ian F},
title = {{Drug penetration in solid tumours.}},
journal = {Nature Reviews Cancer},
year = {2006},
volume = {6},
number = {8},
pages = {583--592},
month = aug
}

@article{Ashton:2016ky,
author = {Ashton, Thomas M and Fokas, Emmanouil and Kunz-Schughart, Leoni A and Folkes, Lisa K and Anbalagan, Selvakumar and Huether, Melanie and Kelly, Catherine J and Pirovano, Giacomo and Buffa, Francesca M and Hammond, Ester M and Stratford, Michael and Muschel, Ruth J and Higgins, Geoff S and McKenna, William Gillies},
title = {{The anti-malarial atovaquone increases radiosensitivity by alleviating tumour hypoxia}},
journal = {Nature Communications},
year = {2016},
volume = {7},
pages = {12308},
month = jul
}

@article{DeBruyne:2012cq,
author = {De Bruyne, S and Van Damme, N and Smeets, P and Ferdinande, L and Ceelen, W and Mertens, J and Van de Wiele, C and Troisi, R and Libbrecht, L and Laurent, S and Geboes, K and Peeters, M},
title = {{Value of DCE-MRI and FDG-PET/CT in the prediction of response to preoperative chemotherapy with bevacizumab for colorectal liver metastases}},
journal = {British Journal of Cancer},
year = {2012},
volume = {106},
number = {12},
pages = {1926--1933},
month = may
}

@article{Alic:2011hw,
author = {Alic, L and van Vliet, M and van Dijke, C F and Eggermont, A M M and Veenland, J F and Niessen, W J},
title = {{Heterogeneity in DCE-MRI parametric maps: a biomarker for treatment response?}},
journal = {Physics in Medicine and Biology},
year = {2011},
volume = {56},
number = {6},
pages = {1601--1616},
month = mar
}

@article{Hancu:2010fx,
author = {Hancu, Ileana and Dixon, W Thomas and Woods, Mark and Vinogradov, Elena and Sherry, A Dean and Lenkinski, Robert E},
title = {{CEST and PARACEST MR contrast agents}},
journal = {Acta Radiologica},
year = {2010},
volume = {51},
number = {8},
pages = {910--923},
month = oct
}

@article{Chen:ez,
author = {Chen, X and Wang, Z J and Processing, M McKeown IEEE Signal and {2016}},
title = {{Joint blind source separation for neurophysiological data analysis: Multiset and multimodal methods}},
journal = {ieeexplore.ieee.org
}
}

@article{Bains:2009hh,
author = {Bains, Lauren J and Baker, Jennifer H E and Kyle, Alastair H and Minchinton, Andrew I and Reinsberg, Stefan A},
title = {{Detecting Vascular-Targeting Effects of the Hypoxic Cytotoxin Tirapazamine in Tumor Xenografts Using Magnetic Resonance Imaging}},
journal = {International Journal of Radiation Oncology*Biology*Physics},
year = {2009},
volume = {74},
number = {3},
pages = {957--965},
month = jul
}

@article{Khlebnikov:2016gc,
author = {Khlebnikov, Vitaliy and Polders, Daniel and Hendrikse, Jeroen and Robe, Pierre A and Voormolen, Eduard H and Luijten, Peter R and Klomp, Dennis W J and Hoogduin, Hans},
title = {{Amide proton transfer (APT) imaging of brain tumors at 7 T: The role of tissue water T 1-Relaxation properties}},
journal = {Magnetic Resonance in Medicine},
year = {2016},
volume = {77},
number = {4},
pages = {1525--1532},
month = apr
}

@article{Michiels:2016hv,
author = {Michiels, Carine and Tellier, C{\'e}line and Feron, Olivier},
title = {{Cycling hypoxia: A key feature of the tumor microenvironment}},
journal = {Biochimica et Biophysica Acta (BBA) - Reviews on Cancer},
year = {2016},
volume = {1866},
number = {1},
pages = {76--86},
month = aug
}

@article{Panek:2017ge,
author = {Panek, Rafal and Welsh, Liam and Baker, Lauren C J and Schmidt, Maria A and Wong, Kee H and Riddell, Angela M and Koh, Dow-Mu and Dunlop, Alex and Mcquaid, Dualta and d'Arcy, James A and Bhide, Shreerang A and Harrington, Kevin J and Nutting, Christopher M and Hopkinson, Georgina and Richardson, Cheryl and Box, Carol and Eccles, Suzanne A and Leach, Martin O and Robinson, Simon P and Newbold, Kate L},
title = {{Noninvasive Imaging of Cycling Hypoxia in Head and Neck Cancer Using Intrinsic Susceptibility MRI}},
journal = {Clinical Cancer Research},
year = {2017},
volume = {23},
number = {15},
pages = {4233--4241},
month = aug
}

@article{Tofts:1999we,
author = {Tofts, P S and Brix, G and Buckley, D L and Evelhoch, J L and Henderson, E and Knopp, M V and Larsson, H B and Lee, T Y and Mayr, N A and Parker, G J and Port, R E and Taylor, J and Weisskoff, R M},
title = {{Estimating kinetic parameters from dynamic contrast-enhanced T(1)-weighted MRI of a diffusable tracer: standardized quantities and symbols.}},
journal = {Journal of Magnetic Resonance Imaging},
year = {1999},
volume = {10},
number = {3},
pages = {223--232},
month = sep
}

@article{Kyle:2004fo,
author = {Kyle, Alastair H and Huxham, Lynsey A and Chiam, Aaron S J and Sim, David H and Minchinton, Andrew I},
title = {{Direct assessment of drug penetration into tissue using a novel application of three-dimensional cell culture.}},
journal = {Cancer Research},
year = {2004},
volume = {64},
number = {17},
pages = {6304--6309},
month = sep
}

@article{Zhou:2010dn,
author = {Zhou, Jinyuan and Tryggestad, Erik and Wen, Zhibo and Lal, Bachchu and Zhou, Tingting and Grossman, Rachel and Wang, Silun and Yan, Kun and Fu, De-Xue and Ford, Eric and Tyler, Betty and Blakeley, Jaishri and Laterra, John and van Zijl, Peter C M},
title = {{Differentiation between glioma and radiation necrosis using molecular magnetic resonance imaging of endogenous proteins and peptides}},
journal = {Nature Medicine},
year = {2010},
volume = {17},
number = {1},
pages = {130--134},
month = dec
}

@article{Hashizume:2000bq,
author = {Hashizume, H and Baluk, P and Morikawa, S and McLean, J W and Thurston, G and Roberge, S and Jain, R K and McDonald, D M},
title = {{Openings between defective endothelial cells explain tumor vessel leakiness.}},
journal = {The American journal of pathology},
year = {2000},
volume = {156},
number = {4},
pages = {1363--1380},
month = apr
}

@article{Sorg:2008eg,
author = {Sorg, Brian S and Hardee, Matthew E and Agarwal, Nikita and Moeller, Benjamin J and Dewhirst, Mark W},
title = {{Spectral imaging facilitates visualization and measurements of unstable and abnormal microvascular oxygen transport in tumors}},
journal = {Journal of Biomedical Optics},
year = {2008},
volume = {13},
number = {1},
pages = {014026}
}

@article{Pedregosa:2011tv,
author = {Pedregosa, F and Varoquaux, G and Gramfort, Alexandre and Michel, Vincent and Thirion, Bertrand},
title = {{Scikit-learn: Machine learning in Python}},
journal = {Journal of Machine Learning Research},
year = {2011},
volume = {12},
pages = {2825--2830},
month = oct
}

@article{Chauhan:2012bm,
author = {Chauhan, Vikash P and Stylianopoulos, Triantafyllos and Martin, John D and Popovi{\'c}, Zoran and Chen, Ou and Kamoun, Walid S and Bawendi, Moungi G and Fukumura, Dai and Jain, Rakesh K},
title = {{Normalization of tumour blood vessels improves the delivery of nanomedicines in a size-dependent manner}},
journal = {Nature Nanotechnology},
year = {2012},
volume = {7},
number = {6},
pages = {383--388},
month = apr
}

@article{TerrellHall:2017gu,
author = {Terrell-Hall, Tori B and Nounou, Mohamed Ismail and El-Amrawy, Fatema and Griffith, Jessica I G and Lockman, Paul R},
title = {{Trastuzumab distribution in an in-vivo and in-vitro model of brain metastases of breast cancer.}},
journal = {Oncotarget},
year = {2017},
volume = {8},
number = {48},
pages = {83734--83744},
month = oct
}

@article{Smith:1999ke,
author = {Smith, Anne M and Lewis, Bobbi K and Ruttimann, Urs E and Ye, Frank Q and Sinnwell, Teresa M and Yang, Yihong and Duyn, Jeff H and Frank, Joseph A},
title = {{Investigation of Low Frequency Drift in fMRI Signal}},
journal = {NeuroImage},
year = {1999},
volume = {9},
number = {5},
pages = {526--533},
month = may
}

@article{Olson:2013go,
author = {Olson, Erin},
title = {{When Standard Therapy Fails in Breast Cancer: Current and Future Options for HER2-Positive Disease}},
journal = {Journal of Clinical Trials},
year = {2013},
volume = {03},
number = {01}
}

@article{Mankoff:2015ip,
author = {Mankoff, David A and Farwell, Michael D and Clark, Amy S and Pryma, Daniel A},
title = {{How Imaging Can Impact Clinical Trial Design: Molecular Imaging as a Biomarker for Targeted Cancer Therapy.}},
journal = {Cancer journal (Sudbury, Mass.)},
year = {2015},
volume = {21},
number = {3},
pages = {218--224},
month = may
}

@article{Dewhirst:2016bl,
author = {Dewhirst, M W and Birer, S R},
title = {{Oxygen-Enhanced MRI Is a Major Advance in Tumor Hypoxia Imaging}},
journal = {Cancer Research},
year = {2016},
volume = {76},
number = {4},
pages = {769--772},
month = feb
}

@article{Wang:2004vy,
author = {Wang, Zhou and Bovik, Alan Conrad and Sheikh, Hamid Rahim and Simoncelli, Eero P},
title = {{Image quality assessment: from error visibility to structural similarity.}},
journal = {IEEE transactions on image processing : a publication of the IEEE Signal Processing Society},
year = {2004},
volume = {13},
number = {4},
pages = {600--612},
month = apr
}

@article{Rademakers:2008hr,
author = {Rademakers, Saskia E and Span, Paul N and Kaanders, Johannes H A M and Sweep, Fred C G J and van der Kogel, Albert J and Bussink, Johan},
title = {{Molecular aspects of tumour hypoxia}},
journal = {Molecular Oncology},
year = {2008},
volume = {2},
number = {1},
pages = {41--53},
month = mar
}

@article{Ward:2000ex,
author = {Ward, K M and Aletras, A H and Balaban, R S},
title = {{A New Class of Contrast Agents for MRI Based on Proton Chemical Exchange Dependent Saturation Transfer (CEST)}},
journal = {Journal of Magnetic Resonance},
year = {2000},
volume = {143},
number = {1},
pages = {79--87},
month = mar
}

@article{Leach:2003fy,
author = {Leach, M O and Brindle, K M and Evelhoch, J L and Griffiths, J R and Horsman, M R and Jackson, A and Jayson, G and Judson, I R and Knopp, M V and Maxwell, R J and McIntyre, D and Padhani, A R and Price, P and Rathbone, R and Rustin, G and Tofts, P S and Tozer, G M and Vennart, W and Waterton, J C and Williams, S R and Workman, P},
title = {{Assessment of antiangiogenic and antivascular therapeutics using MRI: recommendations for appropriate methodology for clinical trials.}},
journal = {The British Journal of Radiology},
year = {2003},
volume = {76 Spec No 1},
pages = {S87--91}
}

@article{Dhani:2015hh,
author = {Dhani, Neesha and Fyles, Anthony and Hedley, David and Milosevic, Michael},
title = {{The Clinical Significance of Hypoxia in Human Cancers}},
journal = {Seminars in Nuclear Medicine},
year = {2015},
volume = {45},
number = {2},
pages = {110--121},
month = mar
}

@article{Jain:2010ie,
author = {Jain, Rakesh K and Stylianopoulos, Triantafyllos},
title = {{Delivering nanomedicine to solid tumors}},
journal = {Nature Reviews Clinical Oncology},
year = {2010},
volume = {7},
number = {11},
pages = {653--664},
month = sep
}

@article{Kim:2009kp,
author = {Kim, Mina and Gillen, Joseph and Landman, Bennett A and Zhou, Jinyuan and van Zijl, Peter C M},
title = {{Water saturation shift referencing (WASSR) for chemical exchange saturation transfer (CEST) experiments.}},
journal = {Magnetic Resonance in Medicine},
year = {2009},
volume = {61},
number = {6},
pages = {1441--1450},
month = jun
}

@article{Morrison:1995uq,
author = {Morrison, C and Stanisz, G and Henkelman, R M},
title = {{Modeling magnetization transfer for biological-like systems using a semi-solid pool with a super-Lorentzian lineshape and dipolar reservoir.}},
journal = {Journal of magnetic resonance. Series B},
year = {1995},
volume = {108},
number = {2},
pages = {103--113},
month = aug
}

@article{Hubbard:1980vf,
author = {Hubbard, W C and Hough, A J and Johnson, R M and Oates, J A},
title = {{The site of VX2 tumor transplantation affects the development of hypercalcemia in rabbits}},
journal = {Prostoglandis
},
year = {1980},
volume = {19},
number = {6},
month = jun
}

@article{Kyle:2014cy,
author = {Kyle, A H and Baker, J H E and Gandolfo, M J and Reinsberg, S A and Minchinton, A I},
title = {{Tissue Penetration and Activity of Camptothecins in Solid Tumor Xenografts}},
journal = {Molecular Cancer Therapeutics},
year = {2014},
volume = {13},
number = {11},
pages = {2727--2737},
month = nov
}

@article{Spector:2009gj,
author = {Spector, Neil L and Blackwell, Kimberly L},
title = {{Understanding the Mechanisms Behind Trastuzumab Therapy for Human Epidermal Growth Factor Receptor 2{\textendash}Positive Breast Cancer}},
journal = {Journal of Clinical Oncology},
year = {2009},
volume = {27},
number = {34},
pages = {5838--5847},
month = dec
}

@article{Pathak:2005gu,
author = {Pathak, Arvind P and Artemov, Dmitri and Ward, B Douglas and Jackson, David G and Neeman, Michal and Bhujwalla, Zaver M},
title = {{Characterizing extravascular fluid transport of macromolecules in the tumor interstitium by magnetic resonance imaging.}},
journal = {Cancer Research},
year = {2005},
volume = {65},
number = {4},
pages = {1425--1432},
month = feb
}

@article{Dafni:2002kb,
author = {Dafni, Hagit and Landsman, Limor and Schechter, Bilha and Kohen, Fortune and Neeman, Michal},
title = {{MRI and fluorescence microscopy of the acute vascular response to VEGF165: vasodilation, hyper-permeability and lymphatic uptake, followed by rapid inactivation of the growth factor}},
journal = {NMR in Biomedicine},
year = {2002},
volume = {15},
number = {2},
pages = {120--131}
}

@article{Zu:2011fh,
author = {Zu, Zhongliang and Janve, Vaibhav A and Li, Ke and Does, Mark D and Gore, John C and Gochberg, Daniel F},
title = {{Multi-angle ratiometric approach to measure chemical exchange in amide proton transfer imaging}},
journal = {Magnetic Resonance in Medicine},
year = {2011},
volume = {68},
number = {3},
pages = {711--719},
month = dec
}

@article{Ni:2005ua,
author = {Ni, Yicheng and Bormans, Guy and Chen, Feng and Verbruggen, Alfons and Marchal, Guy},
title = {{Necrosis avid contrast agents: functional similarity versus structural diversity.}},
journal = {Investigative radiology},
year = {2005},
volume = {40},
number = {8},
pages = {526--535},
month = aug
}

@article{McKeown:1998wo,
author = {McKeown, M J and Makeig, S and Brown, G G and Jung, T P and Kindermann, S S and Bell, A J and Sejnowski, T J},
title = {{Analysis of fMRI data by blind separation into independent spatial components.}},
journal = {Human brain mapping},
year = {1998},
volume = {6},
number = {3},
pages = {160--188}
}

@article{Weinmann:1984gv,
author = {Weinmann, H J and Brasch, R C and Press, W R and Wesbey, G E},
title = {{Characteristics of gadolinium-DTPA complex: a potential NMR contrast agent.}},
journal = {AJR. American journal of roentgenology},
year = {1984},
volume = {142},
number = {3},
pages = {619--624},
month = mar
}

@article{Moroz:2013ee,
author = {Moroz, Jennifer and Wong, Clayton L and Yung, Andrew C and Kozlowski, Piotr and Reinsberg, Stefan A},
title = {{Rapid measurement of arterial input function in mouse tail from projection phases}},
journal = {Magnetic Resonance in Medicine},
year = {2013},
volume = {71},
number = {1},
pages = {238--245},
month = feb
}

@proceedings{Clifford:PbUCCV_3,
title = {{Chapter 15-Blind Source Separation: Principal {\&} Independent Component Analysis}}
}

@article{Collins:2007jr,
author = {Collins, Tony J},
title = {{ImageJ for microscopy.}},
journal = {BioTechniques},
year = {2007},
volume = {43},
number = {1 Suppl},
pages = {25--30},
month = jul
}

@article{Gerweck:1996tj,
author = {Gerweck, L E and Seetharaman, K},
title = {{Cellular pH gradient in tumor versus normal tissue: potential exploitation for the treatment of cancer.}},
journal = {Cancer Research},
year = {1996},
volume = {56},
number = {6},
pages = {1194--1198},
month = mar
}

@article{Krikken:2018em,
author = {Krikken, Erwin and Khlebnikov, Vitaliy and Zaiss, Moritz and Jibodh, Rajni A and van Diest, Paul J and Luijten, Peter R and Klomp, Dennis W J and van Laarhoven, Hanneke W M and Wijnen, Jannie P},
title = {{Amide chemical exchange saturation transfer at 7{\textasciitilde}T: a possible biomarker for detecting early response to neoadjuvant chemotherapy in breast cancer patients.}},
journal = {Breast cancer research : BCR},
year = {2018},
volume = {20},
number = {1},
pages = {51},
month = jun
}

@article{Rauscher:2005cc,
author = {Rauscher, Alexander and Sedlacik, Jan and Barth, Markus and Haacke, E Mark and R Reichenbach, J{\"u}rgen},
title = {{Nonnvasive assessment of vascular architecture and function during modulated blood oxygenation using susceptibility weighted magnetic resonance imaging}},
journal = {Magnetic Resonance in Medicine},
year = {2005},
volume = {54},
number = {1},
pages = {87--95}
}

@article{Losert:2002gt,
author = {Losert, Christoph and Peller, Michael and Schneider, Philipp and Reiser, Maximilian},
title = {{Oxygen-enhanced MRI of the brain}},
journal = {Magnetic Resonance in Medicine},
year = {2002},
volume = {48},
number = {2},
pages = {271--277},
month = jul
}

@article{Trotter:1989cs,
author = {Trotter, M J and Chaplin, D J and Olive, P L},
title = {{Use of a carbocyanine dye as a marker of functional vasculature in murine tumours.}},
journal = {British Journal of Cancer},
year = {1989},
volume = {59},
number = {5},
pages = {706--709},
month = may
}

@article{Arjaans:2013dv,
author = {Arjaans, M and Oude Munnink, T H and Oosting, S F and Terwisscha van Scheltinga, A G T and Gietema, J A and Garbacik, E T and Timmer-Bosscha, H and Lub-de Hooge, M N and Schr{\"o}der, C P and de Vries, E G E},
title = {{Bevacizumab-Induced Normalization of Blood Vessels in Tumors Hampers Antibody Uptake}},
journal = {Cancer Research},
year = {2013},
volume = {73},
number = {11},
pages = {3347--3355},
month = may
}

@article{OConnor:2012ie,
author = {O'Connor, James P B and Jackson, Alan and Parker, Geoff J M and Roberts, Caleb and Jayson, Gordon C},
title = {{Dynamic contrast-enhanced MRI in clinical trials of antivascular therapies.}},
journal = {Nature Reviews Clinical Oncology},
year = {2012},
volume = {9},
number = {3},
pages = {167--177},
month = feb
}

@article{Ni:2006jk,
author = {Ni, Yicheng and Chen, Feng and Mulier, Stefaan and Sun, Xihe and Yu, Jie and Landuyt, Willy and Marchal, Guy and Verbruggen, Alfons},
title = {{Magnetic resonance imaging after radiofrequency ablation in a rodent model of liver tumor: tissue characterization using a novel necrosis-avid contrast agent}},
journal = {European Radiology},
year = {2006},
volume = {16},
number = {5},
pages = {1031--1040},
month = jan
}

@article{Svensen:2002cc,
author = {Svens{\'e}n, Markus and Kruggel, Frithjof and Benali, Habib},
title = {{ICA of fMRI group study data.}},
journal = {NeuroImage},
year = {2002},
volume = {16},
number = {3 Pt 1},
pages = {551--563},
month = jul
}

@article{Jiang:2014gy,
author = {Jiang, Xiaoyu and Engelbach, John A and Yuan, Liya and Cates, Jeremy and Gao, Feng and Drzymala, Robert E and Hallahan, Dennis E and Rich, Keith M and Schmidt, Robert E and Ackerman, Joseph J H and Garbow, Joel R},
title = {{Anti-VEGF antibodies mitigate the development of radiation necrosis in mouse brain.}},
journal = {Clinical Cancer Research},
year = {2014},
volume = {20},
number = {10},
pages = {2695--2702},
month = may
}

@article{Pastuskovas:2012dx,
author = {Pastuskovas, C V and Mundo, E E and Williams, S P and Nayak, T K and Ho, J and Ulufatu, S and Clark, S and Ross, S and Cheng, E and Parsons-Reponte, K and Cain, G and Van Hoy, M and Majidy, N and Bheddah, S and dela Cruz Chuh, J and Kozak, K R and Lewin-Koh, N and Nauka, P and Bumbaca, D and Sliwkowski, M and Tibbitts, J and Theil, F P and Fielder, P J and Khawli, L A and Boswell, C A},
title = {{Effects of Anti-VEGF on Pharmacokinetics, Biodistribution, and Tumor Penetration of Trastuzumab in a Preclinical Breast Cancer Model}},
journal = {Molecular Cancer Therapeutics},
year = {2012},
volume = {11},
number = {3},
pages = {752--762},
month = mar
}

@article{WalkerSamuel:2013jn,
author = {Walker-Samuel, Simon and Ramasawmy, Rajiv and Torrealdea, Francisco and Rega, Marilena and Rajkumar, Vineeth and Johnson, S Peter and Richardson, Simon and Gon{\c c}alves, Miguel and Parkes, Harold G and {\AA}rstad, Erik and Thomas, David L and Pedley, R Barbara and Lythgoe, Mark F and Golay, Xavier},
title = {{In vivo imaging of glucose uptake and metabolism in tumors}},
journal = {Nature Medicine},
year = {2013},
volume = {19},
number = {8},
pages = {1067--1072},
month = jul
}

@article{Erickson:2003wt,
author = {Erickson, Kristian and Braun, Rod D and Yu, Daohai and Lanzen, Jennifer and Wilson, David and Brizel, David M and Secomb, Timothy W and Biaglow, John E and Dewhirst, Mark W},
title = {{Effect of longitudinal oxygen gradients on effectiveness of manipulation of tumor oxygenation.}},
journal = {Cancer Research},
year = {2003},
volume = {63},
number = {15},
pages = {4705--4712},
month = aug
}

@book{Welch:2012fz,
author = {Welch, William J and Palm, Fredrik and Bruley, Duane F and Harrison, David K},
title = {{Oxygen Transport to Tissue XXXIV}},
publisher = {Springer Science {\&} Business Media},
year = {2012},
address = {New York, NY},
month = aug
}

@article{Chen:2013dm,
author = {Chen, Liu Qi and Howison, Christine M and Jeffery, Justin J and Robey, Ian F and Kuo, Phillip H and Pagel, Mark D},
title = {{Evaluations of extracellular pH within in vivo tumors using acidoCEST MRI}},
journal = {Magnetic Resonance in Medicine},
year = {2013},
volume = {72},
number = {5},
pages = {1408--1417},
month = nov
}

@article{LewisPhillips:2017jj,
author = {Lewis Phillips, Gail D and Nishimura, Merry C and Lacap, Jennifer Arca and Kharbanda, Samir and Mai, Elaine and Tien, Janet and Malesky, Kimberly and Williams, Simon P and Marik, Jan and Phillips, Heidi S},
title = {{Trastuzumab uptake and its relation to efficacy in an animal model of HER2-positive breast cancer brain metastasis}},
journal = {Breast Cancer Research and Treatment},
year = {2017},
volume = {164},
number = {3},
pages = {581--591},
month = may
}

@article{Chappell:2013fu,
author = {Chappell, Michael A and Donahue, Manus J and Tee, Yee Kai and Khrapitchev, Alexandre A and Sibson, Nicola R and Jezzard, Peter and Payne, Stephen J},
title = {{Quantitative Bayesian model-based analysis of amide proton transfer MRI.}},
journal = {Magnetic Resonance in Medicine},
year = {2013},
volume = {70},
number = {2},
pages = {556--567},
month = aug
}

@article{Liu:2012jr,
author = {Liu, Guanshu and Li, Yuguo and Sheth, Vipul R and Pagel, Mark D},
title = {{Imaging in Vivo Extracellular pH with a Single Paramagnetic Chemical Exchange Saturation Transfer Magnetic Resonance Imaging Contrast Agent}},
journal = {Molecular Imaging},
year = {2012},
volume = {11},
number = {1},
pages = {7290.2011.00026},
month = jan
}

@article{Padhani:2002cj,
author = {Padhani, Anwar R},
title = {{Dynamic contrast-enhanced MRI in clinical oncology: current status and future directions.}},
journal = {Journal of Magnetic Resonance Imaging},
year = {2002},
volume = {16},
number = {4},
pages = {407--422},
month = oct
}

@article{Berkowitz:2001uz,
author = {Berkowitz, B A and McDonald, C and Ito, Y and Tofts, P S and Latif, Z and Gross, J},
title = {{Measuring the human retinal oxygenation response to a hyperoxic challenge using MRI: eliminating blinking artifacts and demonstrating proof of concept.}},
journal = {Magnetic Resonance in Medicine},
year = {2001},
volume = {46},
number = {2},
pages = {412--416},
month = aug
}

@article{Christen:2013ed,
author = {Christen, T and Bolar, D S and Zaharchuk, G},
title = {{Imaging Brain Oxygenation with MRI Using Blood Oxygenation Approaches: Methods, Validation, and Clinical Applications}},
journal = {American Journal of Neuroradiology},
year = {2013},
volume = {34},
number = {6},
pages = {1113--1123},
month = jun
}

@article{VanderVeldt:2014ii,
author = {Van der Veldt, Astrid A M and Lammertsma, Adriaan A and Smit, Egbert F},
title = {{Scheduling of anticancer drugs}},
journal = {Cell Cycle},
year = {2014},
volume = {11},
number = {23},
pages = {4339--4343},
month = oct
}

@article{Kaplan:2014es,
author = {Kaplan, Muhammet Ali and Ertugrul, Hamza and Firat, Ugur and Kucukoner, Mehmet and {\.{I}}nal, Ali and Urakci, Zuhat and Pekkolay, Zafer and Isikdogan, Abdurrahman},
title = {{Brain metastases in HER2-positive metastatic breast cancer patients who received chemotherapy with or without trastuzumab}},
journal = {Breast Cancer},
year = {2014},
volume = {22},
number = {5},
pages = {503--509},
month = jan
}

@article{Matsumoto:2011iv,
author = {Matsumoto, Shingo and Batra, Sonny and Saito, Keita and Yasui, Hironobu and Choudhuri, Rajani and Gadisetti, Chandramouli and Subramanian, Sankaran and Devasahayam, Nallathamby and Munasinghe, Jeeva P and Mitchell, James B and Krishna, Murali C},
title = {{Antiangiogenic agent sunitinib transiently increases tumor oxygenation and suppresses cycling hypoxia.}},
journal = {Cancer Research},
year = {2011},
volume = {71},
number = {20},
pages = {6350--6359},
month = oct
}

@article{Chuang:2006fs,
author = {Chuang, Kai-Hsiang and Koretsky, Alan},
title = {{Improved neuronal tract tracing using manganese enhanced magnetic resonance imaging with fastT1 mapping}},
journal = {Magnetic Resonance in Medicine},
year = {2006},
volume = {55},
number = {3},
pages = {604--611}
}

@article{Taylor:2001tj,
author = {Taylor, N J and Baddeley, H and Goodchild, K A and Powell, M E and Thoumine, M and Culver, L A and Stirling, J J and Saunders, M I and Hoskin, P J and Phillips, H and Padhani, A R and Griffiths, J R},
title = {{BOLD MRI of human tumor oxygenation during carbogen breathing.}},
journal = {Journal of Magnetic Resonance Imaging},
year = {2001},
volume = {14},
number = {2},
pages = {156--163},
month = aug
}

@article{Turetschek:2001wu,
author = {Turetschek, K and Floyd, E and Shames, D M and Roberts, T P and Preda, A and Novikov, V and Corot, C and Carter, W O and Brasch, R C},
title = {{Assessment of a rapid clearance blood pool MR contrast medium (P792) for assays of microvascular characteristics in experimental breast tumors with correlations to histopathology.}},
journal = {Magnetic Resonance in Medicine},
year = {2001},
volume = {45},
number = {5},
pages = {880--886},
month = may
}

@article{Ferrara:2005bk,
author = {Ferrara, Napoleone and Hillan, Kenneth J and Novotny, William},
title = {{Bevacizumab (Avastin), a humanized anti-VEGF monoclonal antibody for cancer therapy}},
journal = {Biochemical and Biophysical Research Communications},
year = {2005},
volume = {333},
number = {2},
pages = {328--335},
month = jul
}

@article{Lai:2004bd,
author = {Lai, Rose and Dang, Chau T and Malkin, Mark G and Abrey, Lauren E},
title = {{The risk of central nervous system metastases after trastuzumab therapy in patients with breast carcinoma}},
journal = {Cancer},
year = {2004},
volume = {101},
number = {4},
pages = {810--816}
}

@article{Sinclair:2010bd,
author = {Sinclair, Christopher D J and Samson, Rebecca S and Thomas, David L and Weiskopf, Nikolaus and Lutti, Antoine and Thornton, John S and Golay, Xavier},
title = {{Quantitative magnetization transfer in in vivo healthy human skeletal muscle at 3 T}},
journal = {Magnetic Resonance in Medicine},
year = {2010},
volume = {64},
number = {6},
pages = {1739--1748},
month = jul
}

@article{Sourbron:2011ce,
author = {Sourbron, Steven P and Buckley, David L},
title = {{On the scope and interpretation of the Tofts models for DCE-MRI}},
journal = {Magnetic Resonance in Medicine},
year = {2011},
volume = {66},
number = {3},
pages = {735--745},
month = mar
}

@article{Baker:2008ci,
author = {Baker, J H E and Lindquist, K E and Huxham, L A and Kyle, A H and Sy, J T and Minchinton, A I},
title = {{Direct Visualization of Heterogeneous Extravascular Distribution of Trastuzumab in Human Epidermal Growth Factor Receptor Type 2 Overexpressing Xenografts}},
journal = {Clinical Cancer Research},
year = {2008},
volume = {14},
number = {7},
pages = {2171--2179},
month = apr
}

@article{Chaplin:1986iz,
author = {Chaplin, D J and Durand, R E and Olive, P L},
title = {{Acute hypoxia in tumors: implications for modifiers of radiation effects.}},
journal = {International journal of radiation oncology, biology, physics},
year = {1986},
volume = {12},
number = {8},
pages = {1279--1282},
month = aug
}

@article{Weiskopf:2005el,
author = {Weiskopf, Nikolaus and Klose, Uwe and Birbaumer, Niels and Mathiak, Klaus},
title = {{Single-shot compensation of image distortions and BOLD contrast optimization using multi-echo EPI for real-time fMRI}},
journal = {NeuroImage},
year = {2005},
volume = {24},
number = {4},
pages = {1068--1079},
month = feb
}

@article{Tuma:2006hx,
author = {Tuma, Rabiya S},
title = {{Sometimes size doesn't matter: reevaluating RECIST and tumor response rate endpoints.}},
journal = {Journal of the National Cancer Institute},
year = {2006},
volume = {98},
number = {18},
pages = {1272--1274},
month = sep
}

@article{Kurihara:2015kc,
author = {Kurihara, Hiroaki and Hamada, Akinobu and Yoshida, Masayuki and Shimma, Schuichi and Hashimoto, Jun and Yonemori, Kan and Tani, Hitomi and Miyakita, Yasuji and Kanayama, Yousuke and Wada, Yasuhiro and Kodaira, Makoto and Yunokawa, Mayu and Yamamoto, Harukaze and Shimizu, Chikako and Takahashi, Kazuhiro and Watanabe, Yasuyoshi and Fujiwara, Yasuhiro and Tamura, Kenji},
title = {{64Cu-DOTA-trastuzumab PET imaging and HER2 specificity of brain metastases in HER2-positive breast cancer patients}},
journal = {EJNMMI Research},
year = {2015},
volume = {5},
number = {1},
pages = {3676},
month = mar
}

@article{Kershaw:2010ha,
author = {Kershaw, Lucy E and Naish, Josephine H and McGrath, Deirdre M and Waterton, John C and Parker, Geoffrey J M},
title = {{Measurement of arterial plasma oxygenation in dynamic oxygen-enhanced MRI.}},
journal = {Magnetic Resonance in Medicine},
year = {2010},
volume = {64},
number = {6},
pages = {1838--1842},
month = dec
}

@article{Zaiss:2014fl,
author = {Zaiss, Moritz and Xu, Junzhong and Goerke, Steffen and Khan, Imad S and Singer, Robert J and Gore, John C and Gochberg, Daniel F and Bachert, Peter},
title = {{Inverse Z-spectrum analysis for spillover-, MT-, and T1 -corrected steady-state pulsed CEST-MRI--application to pH-weighted MRI of acute stroke.}},
journal = {NMR in Biomedicine},
year = {2014},
volume = {27},
number = {3},
pages = {240--252},
month = mar
}

@article{Anonymous:hFSh1rXI,
title = {{CALIBRATION OF MISONIDAZOLE LABELING BY SIMULTANEOUS MEASUREMENT OF OXYGEN TENSION AND LABELING DENSITY IN MULTICELLULAR SPHEROIDS}},
year = {2006},
pages = {1--7},
month = apr
}

@article{Kumler:2014gb,
author = {K{\"u}mler, Iben and Christiansen, Ole Grummedal and Nielsen, Dorte Lisbet},
title = {{A systematic review of bevacizumab efficacy in breast cancer.}},
journal = {Cancer treatment reviews},
year = {2014},
volume = {40},
number = {8},
pages = {960--973},
month = sep
}

@proceedings{Anonymous:nXJ-6pxq,
title = {{Introduction Chapter 15 - BLIND SOURCE SEPARATION:}},
year = {2017},
month = apr
}

@article{Wilson:2011jp,
author = {Wilson, William R and Hay, Michael P},
title = {{Targeting hypoxia in cancer therapy}},
journal = {Nature Reviews Cancer},
year = {2011},
volume = {11},
number = {6},
pages = {393--410},
month = jun
}

@article{Lunt:2008gc,
author = {Lunt, Sarah Jane and Chaudary, Naz and Hill, Richard P},
title = {{The tumor microenvironment and metastatic disease}},
journal = {Clinical {\&} Experimental Metastasis},
year = {2008},
volume = {26},
number = {1},
pages = {19--34},
month = jun
}

@article{Evelhoch:2004ji,
author = {Evelhoch, Jeffrey L and LoRusso, Patricia M and He, Zhanquan and DelProposto, Zachary and Polin, Lisa and Corbett, Thomas H and Langmuir, Peter and Wheeler, Catherine and Stone, Andrew and Leadbetter, Joanna and Ryan, Anderson J and Blakey, David C and Waterton, John C},
title = {{Magnetic resonance imaging measurements of the response of murine and human tumors to the vascular-targeting agent ZD6126.}},
journal = {Clinical Cancer Research},
year = {2004},
volume = {10},
number = {11},
pages = {3650--3657},
month = jun
}

@article{Jones:2002dh,
author = {Jones, Richard A and Ries, Mario and Moonen, Chrit T W and Grenier, Nicolas},
title = {{Imaging the changes in renal T1 induced by the inhalation of pure oxygen: a feasibility study.}},
journal = {Magnetic Resonance in Medicine},
year = {2002},
volume = {47},
number = {4},
pages = {728--735},
month = apr
}

@techreport{Genentech:2019th,
author = {Genentech, Roch Group},
title = {{Avastin (Bevacizumab) [package insert]}},
year = {2019},
month = jun
}

@article{Horsman:2016go,
author = {Horsman, Michael R and Overgaard, Jens},
title = {{The impact of hypoxia and its modification of the outcome of radiotherapy.}},
journal = {Journal of radiation research},
year = {2016},
volume = {57 Suppl 1},
pages = {i90--i98},
month = aug
}

@article{Grgac:2012iu,
author = {Grgac, Ksenija and van Zijl, Peter C M and Qin, Qin},
title = {{Hematocrit and oxygenation dependence of blood 1H 2O T1at 7 tesla}},
journal = {Magnetic Resonance in Medicine},
year = {2012},
volume = {70},
number = {4},
pages = {1153--1159},
month = nov
}

@article{Fenton:1999eb,
author = {Fenton, B M and Paoni, S F and Lee, J and Koch, C J and Lord, E M},
title = {{Quantification of tumour vasculature and hypoxia by immunohistochemical staining and HbO2 saturation measurements.}},
journal = {British Journal of Cancer},
year = {1999},
volume = {79},
number = {3-4},
pages = {464--471},
month = feb
}

@article{Hales:2016kf,
author = {Hales, Patrick W and Kirkham, Fenella J and Clark, Christopher A},
title = {{A general model to calculate the spin-lattice (T 1) relaxation time of blood, accounting for haematocrit, oxygen saturation and magnetic field strength}},
journal = {Journal of Cerebral Blood Flow {\&} Metabolism},
year = {2016},
volume = {36},
number = {2},
pages = {370--374},
month = jan
}

@article{Janssens:2012fb,
author = {Janssens, Geert O and Rademakers, Saskia E and Terhaard, Chris H and Doornaert, Patricia A and Bijl, Hendrik P and van den Ende, Piet and Chin, Alim and Marres, Henri A and de Bree, Remco and van der Kogel, Albert J and Hoogsteen, Ilse J and Bussink, Johannes and Span, Paul N and Kaanders, Johannes H},
title = {{Accelerated Radiotherapy With Carbogen and Nicotinamide for Laryngeal Cancer: Results of a Phase III Randomized Trial}},
journal = {Journal of Clinical Oncology},
year = {2012},
volume = {30},
number = {15},
pages = {1777--1783},
month = may
}

@article{Moosvi:2018ca,
author = {Moosvi, Firas and Baker, Jennifer H E and Yung, Andrew and Kozlowski, Piotr and Minchinton, Andrew I and Reinsberg, Stefan A},
title = {{Fast and sensitive dynamic oxygen-enhanced MRI with a cycling gas challenge and independent component analysis.}},
journal = {Magnetic Resonance in Medicine},
year = {2018},
month = oct
}

@article{Rischin:2006fz,
author = {Rischin, Danny and Hicks, Rodney J and Fisher, Richard and Binns, David and Corry, June and Porceddu, Sandro and Peters, Lester J},
title = {{Prognostic significance of [18F]-misonidazole positron emission tomography-detected tumor hypoxia in patients with advanced head and neck cancer randomly assigned to chemoradiation with or without tirapazamine: a substudy of Trans-Tasman Radiation Oncology Group Study 98.02.}},
journal = {Journal of Clinical Oncology},
year = {2006},
volume = {24},
number = {13},
pages = {2098--2104},
month = may
}

@article{OConnor:2007ku,
author = {O'Connor, J P B and Jackson, A and Parker, G J M and Jayson, G C},
title = {{DCE-MRI biomarkers in the clinical evaluation of antiangiogenic and vascular disrupting agents.}},
journal = {British Journal of Cancer},
year = {2007},
volume = {96},
number = {2},
pages = {189--195},
month = jan
}

@article{Togao:2013gn,
author = {Togao, Osamu and Kessinger, Chase W and Huang, Gang and Soesbe, Todd C and Sagiyama, Koji and Dimitrov, Ivan and Sherry, A Dean and Gao, Jinming and Takahashi, Masaya},
title = {{Characterization of Lung Cancer by Amide Proton Transfer (APT) Imaging: An In-Vivo Study in an Orthotopic Mouse Model}},
journal = {PLOS ONE},
year = {2013},
volume = {8},
number = {10},
pages = {e77019},
month = oct
}

@article{Kainthan:2008ek,
author = {Kainthan, Rajesh K and Janzen, Johan and Kizhakkedathu, Jayachandran N and Devine, Dana V and Brooks, Donald E},
title = {{Hydrophobically derivatized hyperbranched polyglycerol as a human serum albumin substitute}},
journal = {Biomaterials},
year = {2008},
volume = {29},
number = {11},
pages = {1693--1704},
month = apr
}

@article{vanZijl:2003in,
author = {van Zijl, Peter C M and Zhou, Jinyuan and Mori, Noriko and Payen, Jean-Francois and Wilson, David and Mori, Susumu},
title = {{Mechanism of magnetization transfer during on-resonance water saturation. A new approach to detect mobile proteins, peptides, and lipids}},
journal = {Magnetic Resonance in Medicine},
year = {2003},
volume = {49},
number = {3},
pages = {440--449},
month = feb
}

@article{Willett:2004cx,
author = {Willett, Christopher G and Boucher, Yves and di Tomaso, Emmanuelle and Duda, Dan G and Munn, Lance L and Tong, Ricky T and Chung, Daniel C and Sahani, Dushyant V and Kalva, Sanjeeva P and Kozin, Sergey V and Mino, Mari and Cohen, Kenneth S and Scadden, David T and Hartford, Alan C and Fischman, Alan J and Clark, Jeffrey W and Ryan, David P and Zhu, Andrew X and Blaszkowsky, Lawrence S and Chen, Helen X and Shellito, Paul C and Lauwers, Gregory Y and Jain, Rakesh K},
title = {{Direct evidence that the VEGF-specific antibody bevacizumab has antivascular effects in human rectal cancer.}},
journal = {Nature Medicine},
year = {2004},
volume = {10},
number = {2},
pages = {145--147},
month = feb
}

@article{Young:1981vf,
author = {Young, I R and Clarke, G J and Bailes, D R and Pennock, J M and Doyle, F H and Bydder, G M},
title = {{Enhancement of relaxation rate with paramagnetic contrast agents in NMR imaging.}},
journal = {The Journal of Computed Tomography},
year = {1981},
volume = {5},
number = {6},
pages = {543--547},
month = dec
}

@article{Keating:2014gt,
author = {Keating, Gillian M},
title = {{Bevacizumab: a review of its use in advanced cancer.}},
journal = {Drugs},
year = {2014},
volume = {74},
number = {16},
pages = {1891--1925},
month = oct
}

@incollection{Kitzen:2008un,
author = {Kitzen, J J E M and de Jonge, M J A and Verweij, J},
title = {{How to Define Treatment Success or Failure if Tumors Do Not Shrink}},
booktitle = {Molecular Targeting in Oncology},
year = {2008},
pages = {657--674},
publisher = {Humana Press},
address = {Totowa, NJ}
}

@article{Cai:2015fr,
author = {Cai, Kejia and Singh, Anup and Poptani, Harish and Li, Weiguo and Yang, Shaolin and Lu, Yang and Hariharan, Hari and Zhou, Xiaohong J and Reddy, Ravinder},
title = {{CEST signal at 2ppm (CEST@2ppm) from Z-spectral fitting correlates with creatine distribution in brain tumor.}},
journal = {NMR in Biomedicine},
year = {2015},
volume = {28},
number = {1},
pages = {1--8},
month = jan
}

@article{Yu:2016ge,
author = {Yu, Linhui and Wu, Ying and Dunn, Jeff F and Murari, Kartikeya},
title = {{In-vivo monitoring of tissue oxygen saturation in deep brain structures using a single fiber optical system}},
journal = {Biomedical Optics Express},
year = {2016},
volume = {7},
number = {11},
pages = {4685}
}

@article{Brindle:2008jt,
author = {Brindle, Kevin},
title = {{New approaches for imaging tumour responses to treatment.}},
journal = {Nature Reviews Cancer},
year = {2008},
volume = {8},
number = {2},
pages = {94--107},
month = feb
}

@article{Longo:2016hi,
author = {Longo, Dario L and Bartoli, Antonietta and Consolino, Lorena and Bardini, Paola and Arena, Francesca and Schwaiger, Markus and Aime, Silvio},
title = {{\emph{In Vivo }Imaging of Tumor Metabolism and Acidosis by Combining PET and MRI-CEST pH Imaging}},
journal = {Cancer Research},
year = {2016},
volume = {76},
number = {22},
pages = {6463--6470},
month = nov
}

@article{Dula:2013dw,
author = {Dula, Adrienne N and Smith, Seth A and Gore, John C},
title = {{Application of Chemical Exchange Saturation Transfer (CEST) MRI for Endogenous Contrast at 7 Tesla}},
journal = {Journal of Neuroimaging},
year = {2013},
volume = {23},
number = {4},
pages = {526--532},
month = feb
}

@article{Turetschek:2004bw,
author = {Turetschek, Karl and Preda, Anda and Novikov, Viktor and Brasch, Robert C and Weinmann, Hanns J and Wunderbaldinger, Patrick and Roberts, Timothy P L},
title = {{Tumor microvascular changes in antiangiogenic treatment: Assessment by magnetic resonance contrast media of different molecular weights}},
journal = {Journal of Magnetic Resonance Imaging},
year = {2004},
volume = {20},
number = {1},
pages = {138--144}
}

@article{Mittapalli:2017iu,
author = {Mittapalli, Rajendar K and Adkins, Chris E and Bohn, Kaci A and Mohammad, Afroz S and Lockman, Julie A and Lockman, Paul R},
title = {{Quantitative Fluorescence Microscopy Measures Vascular Pore Size in Primary and Metastatic Brain Tumors}},
journal = {Cancer Research},
year = {2017},
volume = {77},
number = {2},
pages = {238--246},
month = jan
}

@article{OConnor:2009ku,
author = {O'Connor, James P B and Naish, Josephine H and Jackson, Alan and Waterton, John C and Watson, Yvonne and Cheung, Sue and Buckley, David L and McGrath, Deirdre M and Buonaccorsi, Giovanni A and Mills, Samantha J and Roberts, Caleb and Jayson, Gordon C and Parker, Geoff J M},
title = {{Comparison of normal tissue R$_{1}$ and R$^{*}_{2}$ modulation by oxygen and carbogen}},
journal = {Magnetic Resonance in Medicine},
year = {2009},
volume = {61},
number = {1},
pages = {75--83},
month = jan
}

@article{Zu:2013hs,
author = {Zu, Zhongliang and Xu, Junzhong and Li, Hua and Chekmenev, Eduard Y and Quarles, C Chad and Does, Mark D and Gore, John C and Gochberg, Daniel F},
title = {{Imaging amide proton transfer and nuclear overhauser enhancement using chemical exchange rotation transfer (CERT)}},
journal = {Magnetic Resonance in Medicine},
year = {2013},
volume = {72},
number = {2},
pages = {471--476},
month = dec
}

@article{Baker:2018ex,
author = {Baker, Jennifer Hazel Elizabeth and Kyle, Alastair Hugh and Reinsberg, Stefan Alexander and Moosvi, Firas and Patrick, Haley Margaret and Cran, Jordan and Saatchi, Katayoun and H{\"a}feli, Urs and Minchinton, Andrew Ivor},
title = {{Heterogeneous distribution of trastuzumab in HER2-positive xenografts and metastases: role of the tumor microenvironment.}},
journal = {Clinical {\&} Experimental Metastasis},
year = {2018},
volume = {19},
number = {48},
pages = {1--15},
month = sep
}

@article{Winkler:2004ch,
author = {Winkler, Frank and Kozin, Sergey V and Tong, Ricky T and Chae, Sung-Suk and Booth, Michael F and Garkavtsev, Igor and Xu, Lei and Hicklin, Daniel J and Fukumura, Dai and di Tomaso, Emmanuelle and Munn, Lance L and Jain, Rakesh K},
title = {{Kinetics of vascular normalization by VEGFR2 blockade governs brain tumor response to radiation: role of oxygenation, angiopoietin-1, and matrix metalloproteinases.}},
journal = {Cancer cell},
year = {2004},
volume = {6},
number = {6},
pages = {553--563},
month = dec
}

@article{Li:2016fl,
author = {Li, Yuguo and Chen, Hanwei and Xu, Jiadi and Yadav, Nirbhay N and Chan, Kannie W Y and Luo, Liangping and McMahon, Michael T and Vogelstein, Bert and van Zijl, Peter C M and Zhou, Shibin and Liu, Guanshu},
title = {{CEST theranostics: label-free MR imaging of anticancer drugs.}},
journal = {Oncotarget},
year = {2016},
volume = {7},
number = {6},
pages = {6369--6378},
month = feb
}

@article{Ferrara:2004fa,
author = {Ferrara, Napoleone and Hillan, Kenneth J and Gerber, Hans-Peter and Novotny, William},
title = {{Discovery and development of bevacizumab, an anti-VEGF antibody for treating cancer.}},
journal = {Nature reviews. Drug discovery},
year = {2004},
volume = {3},
number = {5},
pages = {391--400},
month = may
}

@article{Woods:2006cq,
author = {Woods, Mark and Woessner, Donald E and Sherry, A Dean},
title = {{Paramagnetic lanthanide complexes as PARACEST agents for medical imaging}},
journal = {Chemical Society Reviews},
year = {2006},
volume = {35},
number = {6},
pages = {500}
}

@article{Heo:2016ha,
author = {Heo, Hye-Young and Lee, Dong-Hoon and Zhang, Yi and Zhao, Xuna and Jiang, Shanshan and Chen, Min and Zhou, Jinyuan},
title = {{Insight into the quantitative metrics of chemical exchange saturation transfer (CEST) imaging}},
journal = {Magnetic Resonance in Medicine},
year = {2016},
volume = {77},
number = {5},
pages = {1853--1865},
month = may
}

@book{Shewhart:1931tq,
author = {Shewhart, Walter Andrew},
title = {{Economic Control of Quality of Manufactured Product}},
publisher = {ASQ Quality Press},
year = {1931},
month = jan
}

@book{Arjona:2006ch,
author = {Arjona, Anibal A and Alvarez, Enrique},
editor = {Teicher, B},
title = {{Tumor site implantation and animal model selection in oncology}},
publisher = {Humana Press},
year = {2006},
volume = {835},
series = {Cancer Drug Discovery and Development},
address = {Totowa, NJ}
}

@article{Tozer:1999uh,
author = {Tozer, G M and Prise, V E and Wilson, J and Locke, R J and Vojnovic, B and Stratford, M R and Dennis, M F and Chaplin, D J},
title = {{Combretastatin A-4 phosphate as a tumor vascular-targeting agent: early effects in tumors and normal tissues.}},
journal = {Cancer Research},
year = {1999},
volume = {59},
number = {7},
pages = {1626--1634},
month = apr
}

@article{Hanahan:2011gu,
author = {Hanahan, Douglas and Weinberg, Robert A},
title = {{Hallmarks of Cancer: The Next Generation}},
journal = {Cell},
year = {2011},
volume = {144},
number = {5},
pages = {646--674},
month = mar
}

@article{Gerstner:2008ba,
author = {Gerstner, Elizabeth R and Sorensen, A Gregory and Jain, Rakesh K and Batchelor, Tracy T},
title = {{Advances in neuroimaging techniques for the evaluation of tumor growth, vascular permeability, and angiogenesis in gliomas.}},
journal = {Current opinion in neurology},
year = {2008},
volume = {21},
number = {6},
pages = {728--735},
month = dec
}

@article{Laking:2006ij,
author = {Laking, George R and West, Catharine and Buckley, David L and Matthews, Julian and Price, Patricia M},
title = {{Imaging vascular physiology to monitor cancer treatment.}},
journal = {Critical reviews in oncology/hematology},
year = {2006},
volume = {58},
number = {2},
pages = {95--113},
month = may
}

@article{Viallard:2017ck,
author = {Viallard, Claire and Larriv{\'e}e, Bruno},
title = {{Tumor angiogenesis and vascular normalization: alternative therapeutic targets.}},
journal = {Angiogenesis},
year = {2017},
volume = {20},
number = {4},
pages = {409--426},
month = nov
}

@article{Hectors:2013ft,
author = {Hectors, Stefanie J C G and Jacobs, Igor and Strijkers, Gustav J and Nicolay, Klaas},
title = {{Amide proton transfer imaging of high intensity focused ultrasound-treated tumor tissue}},
journal = {Magnetic Resonance in Medicine},
year = {2013},
volume = {72},
number = {4},
pages = {1113--1122},
month = oct
}

@book{Kaufman:2008cu,
editor = {Kaufman, Howard L and Wadler, Scott and Antman, Karen},
title = {{Molecular Targeting in Oncology}},
publisher = {Humana Press},
year = {2008},
series = {Cancer Drug Discovery and Development},
address = {Totowa, NJ}
}

@misc{Leach:2005kg,
title = {{The assessment of antiangiogenic and antivascular therapies in early-stage clinical trials using magnetic resonance imaging: issues and recommendations.}},
author = {Leach, M O and Brindle, K M and Evelhoch, J L and Griffiths, J R and Horsman, M R and Jackson, A and Jayson, G C and Judson, I R and Knopp, M V and Maxwell, R J and McIntyre, D and Padhani, A R and Price, P and Rathbone, R and Rustin, G J and Tofts, P S and Tozer, G M and Vennart, W and Waterton, J C and Williams, S R and Workman, P and {Pharmacodynamic/Pharmacokinetic Technologies Advisory Committee, Drug Development Office, Cancer Research UK}},
month = may,
year = {2005}
}

@article{Featherstone:2018cn,
author = {Featherstone, Adam K and O'Connor, James P B and Little, Ross A and Watson, Yvonne and Cheung, Sue and Babur, Muhammad and Williams, Kaye J and Matthews, Julian C and Parker, Geoff J M},
title = {{Data-driven mapping of hypoxia-related tumor heterogeneity using DCE-MRI and OE-MRI.}},
journal = {Magnetic Resonance in Medicine},
year = {2018},
volume = {79},
number = {4},
pages = {2236--2245},
month = apr
}

@article{Calhoun:tz,
author = {Calhoun, V D and Adali, T and Hansen, L K and the, J Larsen in Proceedings of and {2003}},
title = {{ICA of functional MRI data: an overview}},
journal = {Citeseer
}
}

@article{Jones:2014fd,
author = {Jones, I and Swan, M and Education, A Pollitt Journal of Science and Mathematics and {2015}},
title = {{Assessing mathematical problem solving using comparative judgement}},
journal = {Il Nuovo Cimento},
year = {2014},
volume = {13},
number = {1},
pages = {151--177},
month = jan
}

@article{Khurana:2001wb,
author = {Khurana, D and Martin, E A and Kasperbauer, J L and O'Malley, B W and Salomao, D R and Chen, L and Strome, S E},
title = {{Characterization of a spontaneously arising murine squamous cell carcinoma (SCC VII) as a prerequisite for head and neck cancer immunotherapy.}},
journal = {Head {\&} neck},
year = {2001},
volume = {23},
number = {10},
pages = {899--906},
month = oct
}

@article{Goncalves:2015ih,
author = {Gon{\c c}alves, Miguel R and Johnson, S Peter and Ramasawmy, Rajiv and Pedley, R Barbara and Lythgoe, Mark F and Walker-Samuel, Simon},
title = {{Decomposition of spontaneous fluctuations in tumour oxygenation using BOLD MRI and independent component analysis}},
journal = {British Journal of Cancer},
year = {2015},
volume = {113},
number = {8},
pages = {1168--1177},
month = oct
}

@article{Pislaru:1999ew,
author = {Pislaru, S V and Ni, Y and Pislaru, C and Bosmans, H and Miao, Y and Bogaert, J and Dymarkowski, S and Semmler, W and Marchal, G and Van de Werf, F J},
title = {{Noninvasive Measurements of Infarct Size After Thrombolysis With a Necrosis-Avid MRI Contrast Agent}},
journal = {Circulation},
year = {1999},
volume = {99},
number = {5},
pages = {690--696},
month = feb
}

@inproceedings{McDonald:2002ut,
author = {McDonald, Donald M and Baluk, Peter},
title = {{Significance of blood vessel leakiness in cancer.}},
booktitle = {Cancer research},
year = {2002},
pages = {5381--5385},
organization = {Comprehensive Cancer Center, Cardiovascular Research Institute, University of California-San Francisco, 513 Parnassus Avenue, San Francisco, CA 94143, USA. dmcd@itsa.ucsf.edu},
month = sep
}

@article{Dowlati:2002to,
author = {Dowlati, Afshin and Robertson, Kelly and Cooney, Matthew and Petros, William P and Stratford, Michael and Jesberger, John and Rafie, Niusha and Overmoyer, Beth and Makkar, Vinit and Stambler, Bruce and Taylor, Anne and Waas, John and Lewin, Jonathan S and McCrae, Keith R and Remick, Scot C},
title = {{A phase I pharmacokinetic and translational study of the novel vascular targeting agent combretastatin a-4 phosphate on a single-dose intravenous schedule in patients with advanced cancer.}},
journal = {Cancer Research},
year = {2002},
volume = {62},
number = {12},
pages = {3408--3416},
month = jun
}

@article{Baker:2015cob,
author = {Baker, Jennifer H E and McPhee, Kelly C and Moosvi, Firas and Saatchi, Katayoun and H{\"a}feli, Urs O and Minchinton, Andrew I and Reinsberg, Stefan A},
title = {{Multi-modal magnetic resonance imaging and histology of vascular function in xenografts using macromolecular contrast agent hyperbranched polyglycerol (HPG-GdF)}},
journal = {Contrast Media {\&} Molecular Imaging},
year = {2015},
volume = {11},
number = {1},
pages = {77--88},
month = aug
}

@article{Jackson:2003cs,
author = {Jackson, A and Jayson, G C and Li, K L and Zhu, X P and Checkley, D R and Tessier, J J L and Waterton, J C},
title = {{Reproducibility of quantitative dynamic contrast-enhanced MRI in newly presenting glioma.}},
journal = {The British Journal of Radiology},
year = {2003},
volume = {76},
number = {903},
pages = {153--162},
month = mar
}

@article{Kobayashi:2004vq,
author = {Kobayashi, Hisataka and Brechbiel, Martin W},
title = {{Dendrimer-based nanosized MRI contrast agents.}},
journal = {Current pharmaceutical biotechnology},
year = {2004},
volume = {5},
number = {6},
pages = {539--549},
month = dec
}

@inproceedings{Anonymous:nXJ-6pxq,
title = {{Introduction Chapter 15 - BLIND SOURCE SEPARATION:}},
booktitle = {Introduction Chapter 15 - BLIND SOURCE SEPARATION:},
year = {2017},
month = apr
}

@article{Cuenod:2006jy,
author = {Cuenod, C A and Fournier, L and Balvay, D and Guinebreti{\`e}re, J M},
title = {{Tumor angiogenesis: pathophysiology and implications for contrast-enhanced MRI and CT assessment.}},
journal = {Abdominal imaging},
year = {2006},
volume = {31},
number = {2},
pages = {188--193},
month = mar
}

@article{Ohno:2002im,
author = {Ohno, Yoshiharu and Hatabu, Hiroto and Takenaka, Daisuke and Van Cauteren, Marc and Fujii, Masahiko and Sugimura, Kazuro},
title = {{Dynamic oxygen-enhanced MRI reflects diffusing capacity of the lung}},
journal = {Magnetic Resonance in Medicine},
year = {2002},
volume = {47},
number = {6},
pages = {1139--1144},
month = jun
}

@booklet{Newville:2014jt,
title = {{LMFIT: Non-Linear Least-Square Minimization and Curve-Fitting for Python}},
author = {Newville, M and Stensitzki, T and Allen, D B and Ingargiola, Astron},
year = {2014}
}

@article{Baranyai:2005ta,
author = {Baranyai, Z and Br{\"u}cher, E and Iv{\'a}nyi, T and chimica, R Kir{\'a}ly Helvetica and {2005}},
title = {{Complexation Properties of N, N', N'', N'''-[1, 4, 7, 10-Tetraazacyclododecane-1, 4, 7, 10-tetrayltetrakis (1-oxoethane-2, 1-diyl)] tetrakis [glycine](H4dotagl){\textasciitilde}{\ldots}}},
journal = {Wiley Online Library
},
year = {2005}
}

@article{Jones:2006eq,
author = {Jones, Craig K and Schlosser, Michael J and van Zijl, Peter C M and Pomper, Martin G and Golay, Xavier and Zhou, Jinyuan},
title = {{Amide proton transfer imaging of human brain tumors at 3T}},
journal = {Magnetic Resonance in Medicine},
year = {2006},
volume = {56},
number = {3},
pages = {585--592},
month = sep
}

@article{Dewhirst:2009de,
author = {Dewhirst, Mark W},
title = {{Relationships between cycling hypoxia, HIF-1, angiogenesis and oxidative stress.}},
journal = {Radiation Research},
year = {2009},
volume = {172},
number = {6},
pages = {653--665},
month = dec
}

@book{Anonymous:2017vr,
title = {{Signal Transduction Immunohistochemistry: Methods and Protocols}},
publisher = {Springer New York},
year = {2017},
address = {New York, NY}
}

@article{Kainthan:2006ce,
author = {Kainthan, Rajesh Kumar and Muliawan, Edward B and Hatzikiriakos, Savvas G and Brooks, Donald E},
title = {{Synthesis, Characterization, and Viscoelastic Properties of High Molecular Weight Hyperbranched Polyglycerols}},
journal = {Macromolecules},
year = {2006},
volume = {39},
number = {22},
pages = {7708--7717},
month = oct
}

@article{Chan:2012kr,
author = {Chan, Kannie W Y and McMahon, Michael T and Kato, Yoshinori and Liu, Guanshu and Bulte, Jeff W M and Bhujwalla, Zaver M and Artemov, Dmitri and van Zijl, Peter C M},
title = {{Natural D-glucose as a biodegradable MRI contrast agent for detecting cancer}},
journal = {Magnetic Resonance in Medicine},
year = {2012},
volume = {68},
number = {6},
pages = {1764--1773},
month = oct
}

@article{Hallac:2014cb,
author = {Hallac, Rami R and Zhou, Heling and Pidikiti, Rajesh and Song, Kwang and Stojadinovic, Strahinja and Zhao, Dawen and Solberg, Timothy and Peschke, Peter and Mason, Ralph P},
title = {{Correlations of noninvasive BOLD and TOLD MRI with pO$_{2}$ and relevance to tumor radiation response.}},
journal = {Magnetic Resonance in Medicine},
year = {2014},
volume = {71},
number = {5},
pages = {1863--1873},
month = may
}

@article{Newville:2019jt,
author = {Newville, Matt and Otten, Renee and Nelson, Andrew and Ingargiola, Antonino and Stensitzki, Till and Allan, Dan and Fox, Austin and Carter, Faustin and {Micha{\l}} and Pustakhod, Dima and {Glenn} and Ram, Yoav and {MerlinSmiles} and Deil, Christoph and {Stuermer} and Beelen, Alexandre and Frost, Oliver and {gpasquev} and Hansen, Allan L R and Stark, Alexander and Spillane, Tim and Caldwell, Shane and Polloreno, Anthony and {andrewhannum} and Borreguero, Jose and Fraine, Jonathan and {deep--thought} and Maier, Benjamin F and Ben Gamari and Almarza, Anthony},
title = {{lm6t/lm6t-py 0.9.13}},
journal = {Zenodo},
year = {2019},
month = jun
}

@article{Maxwell:2002da,
author = {Maxwell, Ross J and Wilson, John and Prise, Vivien E and Vojnovic, Borivoj and Rustin, Gordon J and Lodge, Martin A and Tozer, Gillian M},
title = {{Evaluation of the anti-vascular effects of combretastatin in rodent tumours by dynamic contrast enhanced MRI}},
journal = {NMR in Biomedicine},
year = {2002},
volume = {15},
number = {2},
pages = {89--98}
}

@article{Zaharchuk:2006ew,
author = {Zaharchuk, Greg and Busse, Reed F and Rosenthal, Guy and Manley, Geoffery T and Glenn, Orit A and Dillon, William P},
title = {{Noninvasive oxygen partial pressure measurement of human body fluids in vivo using magnetic resonance imaging.}},
journal = {Academic radiology},
year = {2006},
volume = {13},
number = {8},
pages = {1016--1024},
month = aug
}

@article{OConnor:2009cg,
author = {O'Connor, James P B and Carano, Richard A D and Clamp, Andrew R and Ross, Jed and Ho, Calvin C K and Jackson, Alan and Parker, Geoff J M and Rose, Chris J and Peale, Franklin V and Friesenhahn, Michel and Mitchell, Claire L and Watson, Yvonne and Roberts, Caleb and Hope, Lynn and Cheung, Sue and Reslan, Hani Bou and Go, Mary Ann T and Pacheco, Glenn J and Wu, Xiumin and Cao, Tim C and Ross, Sarajane and Buonaccorsi, Giovanni A and Davies, Karen and Hasan, Jurjees and Thornton, Paula and del Puerto, Olivia and Ferrara, Napoleone and van Bruggen, Nicholas and Jayson, Gordon C},
title = {{Quantifying antivascular effects of monoclonal antibodies to vascular endothelial growth factor: insights from imaging.}},
journal = {Clinical Cancer Research},
year = {2009},
volume = {15},
number = {21},
pages = {6674--6682},
month = nov
}

@article{Thurber:2012dd,
author = {Thurber, Greg M and Dane Wittrup, K},
title = {{A mechanistic compartmental model for total antibody uptake in tumors}},
journal = {Journal of theoretical biology},
year = {2012},
volume = {314},
pages = {57--68},
month = dec
}

@article{Jain:2001uf,
author = {Jain, R K},
title = {{Delivery of molecular and cellular medicine to solid tumors.}},
journal = {Advanced Drug Delivery Reviews},
year = {2001},
volume = {46},
number = {1-3},
pages = {149--168},
month = mar
}

@article{Calhoun:2001jx,
author = {Calhoun, V D and Adali, T and Pearlson, G D and Pekar, J J},
title = {{A method for making group inferences from functional MRI data using independent component analysis.}},
journal = {Human brain mapping},
year = {2001},
volume = {14},
number = {3},
pages = {140--151},
month = nov
}

@article{Goerke:2018bg,
author = {Goerke, Steffen and Breitling, Johannes and Zaiss, Moritz and Windschuh, Johannes and Kunz, Patrick and Schuenke, Patrick and Paech, Daniel and Longo, Dario L and Klika, Karel D and Ladd, Mark E and Bachert, Peter},
title = {{Dual-frequency irradiation CEST-MRI of endogenous bulk mobile proteins.}},
journal = {NMR in Biomedicine},
year = {2018},
volume = {31},
number = {6},
pages = {e3920},
month = jun
}

@article{Thulborn:1982tb,
author = {Thulborn, K R and Waterton, J C and Matthews, P M and Radda, G K},
title = {{Oxygenation dependence of the transverse relaxation time of water protons in whole blood at high field.}},
journal = {Biochimica et Biophysica Acta},
year = {1982},
volume = {714},
number = {2},
pages = {265--270},
month = feb
}

@article{McKeown:2003fm,
author = {McKeown, Martin J and Hansen, Lars Kai and Sejnowsk, Terrence J},
title = {{Independent component analysis of functional MRI: what is signal and what is noise?}},
journal = {Current opinion in neurobiology},
year = {2003},
volume = {13},
number = {5},
pages = {620--629},
month = oct
}

@article{Colliez:2017fc,
author = {Colliez, Florence and Gallez, Bernard and Jordan, B{\'e}n{\'e}dicte F},
title = {{Assessing Tumor Oxygenation for Predicting Outcome in Radiation Oncology: A Review of Studies Correlating Tumor Hypoxic Status and Outcome in the Preclinical and Clinical Settings}},
journal = {Frontiers in Oncology},
year = {2017},
volume = {7},
number = {312},
pages = {638},
month = jan
}

@article{Pavlidis:2013bj,
author = {Pavlidis, Efstathios T and Pavlidis, Theodoros E},
title = {{Role of bevacizumab in colorectal cancer growth and its adverse effects: a review.}},
journal = {World journal of gastroenterology},
year = {2013},
volume = {19},
number = {31},
pages = {5051--5060},
month = aug
}

@article{Hill:1982ci,
author = {Hill, S A and Denekamp, J},
title = {{Site dependent response of tumours to combined heat and radiation.}},
journal = {The British Journal of Radiology},
year = {1982},
volume = {55},
number = {660},
pages = {905--912},
month = dec
}

@inproceedings{Yang:2018vo,
author = {Yang, Donghan Mo and Campbell III, James W and Gerberich, Jenifer L and Zhou, Heling and Mason, Ralph P},
title = {{Assessing Tumor Hypoxia Based on Hypoxic Gas Breathing}},
booktitle = {Proceedings of the 26th Annual Meeting of ISMRM},
year = {2018},
pages = {1--3},
address = {(632), Paris},
month = jun
}

@article{Huang:2012kn,
author = {Huang, Yuhui and Yuan, Jianping and Righi, Elda and Kamoun, Walid S and Ancukiewicz, Marek and Nezivar, Jean and Santosuosso, Michael and Martin, John D and Martin, Margaret R and Vianello, Fabrizio and Leblanc, Pierre and Munn, Lance L and Huang, Peigen and Duda, Dan G and Fukumura, Dai and Jain, Rakesh K and Poznansky, Mark C},
title = {{Vascular normalizing doses of antiangiogenic treatment reprogram the immunosuppressive tumor microenvironment and enhance immunotherapy.}},
journal = {Proceedings of the National Academy of Sciences of the United States of America},
year = {2012},
volume = {109},
number = {43},
pages = {17561--17566},
month = oct
}

@article{Zhao:2001cu,
author = {Zhao, M and Beauregard, D A and Loizou, L and Davletov, B and Brindle, K M},
title = {{Non-invasive detection of apoptosis using magnetic resonance imaging and a targeted contrast agent.}},
journal = {Nature Medicine},
year = {2001},
volume = {7},
number = {11},
pages = {1241--1244},
month = nov
}

@article{Jain:2013jc,
author = {Jain, Rakesh K},
title = {{Normalizing Tumor Microenvironment to Treat Cancer: Bench to Bedside to Biomarkers}},
journal = {Journal of Clinical Oncology},
year = {2013},
volume = {31},
number = {17},
pages = {2205--2218},
month = jun
}

@article{Jones:2012ku,
author = {Jones, Craig K and Polders, Daniel and Hua, Jun and Zhu, He and Hoogduin, Hans J and Zhou, Jinyuan and Luijten, Peter and van Zijl, Peter C M},
title = {{In vivo three-dimensional whole-brain pulsed steady-state chemical exchange saturation transfer at 7 T.}},
journal = {Magnetic Resonance in Medicine},
year = {2012},
volume = {67},
number = {6},
pages = {1579--1589},
month = jun
}

@article{Gross:1995wq,
author = {Gross, M W and Karbach, U and Groebe, K and Franko, A J and Mueller-Klieser, W},
title = {{Calibration of misonidazole labeling by simultaneous measurement of oxygen tension and labeling density in multicellular spheroids.}},
journal = {International Journal of Cancer},
year = {1995},
volume = {61},
number = {4},
pages = {567--573},
month = may
}

@article{Tee:2014gz,
author = {Tee, Y K and Harston, G W J and Blockley, N and Okell, Thomas W and Levman, J and Sheerin, F and Cellerini, M and Jezzard, P and Kennedy, J and Payne, S J and Chappell, M A},
title = {{Comparing different analysis methods for quantifying the MRI amide proton transfer (APT) effect in hyperacute stroke patients.}},
journal = {NMR in Biomedicine},
year = {2014},
volume = {27},
number = {9},
pages = {1019--1029},
month = sep
}

@article{Strijkers:2007tr,
author = {Strijkers, Gustav J and Mulder, Willem J M and van Tilborg, Geralda A F and Nicolay, Klaas},
title = {{MRI contrast agents: current status and future perspectives.}},
journal = {Anti-cancer agents in medicinal chemistry},
year = {2007},
volume = {7},
number = {3},
pages = {291--305},
month = may
}

